3162 5124
807 323 958 419 42-

285 528 460 610 ,1v‚1o,n
483 531 704 610 adsummam
728 531 804 596 lae·
900 530 1000 610 XXII,
1038 537 1074 610 8,
1112 534 1154 601 49
1192 540 1403 600 accesserat

258 634 388 702 titiam
422 657 523 700 meam
562 691 568 704 .
609 685 615 700 .
654 657 805 719 maguus
856 634 942 700 aliud
977 635 1019 700 ad
1053 637 1281 722 gaudiorum
1316 661 1402 724 prac-

258 738 341 804 illius
356 739 493 806 adventu
514 740 686 805 cumulus
708 761 805 806 acco
857 739 991 805 santium
1008 740 1193 806 cumulum
1209 743 1285 810 cous.
1301 743 1400 823 XVII,

258 842 320 908 det
350 843 410 910 vid.
439 843 479 907 ad
500 845 572 910 sam.
601 844 684 926 XVI,
709 845 760 925 21,
785 848 802 910 1
859 845 909 924 13,
932 845 987 926 24;
1011 843 1139 922 XXVII,
1164 847 1194 926 2,
1222 849 1267 912 10.

303 1051 341 1131 V,
375 1053 425 1132 15,
457 1056 478 1120 3
509 1051 693 1118 clitellae·
715 1053 804 1119 bovi
899 1051 984 1130 XVI,
1006 1054 1036 1132 5,
1055 1056 1096 1119 10
1119 1061 1208 1120 vetus
1229 1054 1311 1120 illud
1333 1077 1401 1142 pro·

259 1162 343 1222 sunt
364 1155 578 1242 impositae,
602 1156 712 1241 plane
735 1177 804 1223 uon
857 1157 1013 1222 verbium:
1030 1156 1402 1225 clitellaebovisunt

258 1266 314 1326 est
334 1267 621 1328 nostrumouus.
658 1261 803 1345 (Linden-
857 1261 1077 1346 impositae,
1106 1261 1214 1347 plane
1242 1284 1313 1342 uon
1343 1272 1402 1330 est

258 1364 408 1449 brugius).
856 1371 1028 1432 nostrum
1050 1386 1150 1432 onus.

301 1468 356 1546 IX,
373 1471 455 1548 13,4
472 1468 632 1536 videamus
648 1470 803 1553 hocquor-
900 1468 999 1550 XVII,
1015 1472 1046 1547 3,
1065 1475 1081 1536 l
1098 1477 1275 1557 portentum
1291 1493 1396 1556 quor·

258 1594 327 1640 sum
349 1573 469 1640 evadat.
514 1575 590 1640 conf.
613 1573 685 1653 VII,
710 1574 758 1650 17,
775 1578 803 1641 4.
856 1594 934 1640 sum
956 1573 1088 1640 evadat
1113 1576 1191 1640 cont
1218 1575 1286 1658 XX,
1310 1579 1340 1656 8,
1364 1580 1394 1644 2.

301 1677 391 1759 XVI,¹
410 1680 460 1759 15,
484 1681 518 1746 5.
557 1678 619 1747 vid.
641 1678 684 1758 11,
705 1679 803 1758 21,1.
899 1677 985 1759 XXI,
1010 1681 1060 1758 12,
1086 1680 1140 1758 1ος
1167 1679 1216 1758 13,
1240 1681 1268 1750 9.
1369 1748 1371 1754 s

301 1780 340 1861 X,
374 1785 405 1861 4,
442 1785 461 1848 5
499 1784 556 1848 hac
588 1782 683 1866 igitur
720 1803 802 1848 eon·
899 1779 983 1860 XVI,
1002 1783 1252 1862 7,icomitem
1269 1784 1401 1852 eircum-

258 1885 420 1967 scientia
442 1887 575 1954 comite
598 1886 778 1973 proficiscar.
857 1885 955 1950 ferens
985 1886 1252 1953 conscientiam
1279 1890 1399 1956 bonam.

317 2007 359 2074 cu
380 2008 582 2075 11111111
604 2008 684 2076 libri
706 2007 743 2075 11.
1282 2065 1285 2072 .

301 2130 326 2209 l,
349 2132 381 2211 2,
403 2132 425 2197 5
903 2127 1018 2212 XXIX,
1034 2131 1065 2211 5,
1081 2132 1124 2198 24
1139 2130 1212 2209 (vid.
1228 2154 1257 2217 p.
1274 2134 1321 2210 10,
1336 2138 1399 2214 11).

311 2250 353 2318 11
374 2249 559 2318 cornelium
581 2250 764 2336 uaporem„

258 2374 345 2457 fgm.
361 2373 410 2458 (Β.
425 2373 459 2441 K
476 2373 800 2461 v01.xl.p.39,r.4.)
899 2372 1005 2460 XXI,
1029 2372 1084 2458 16,
1107 2372 1159 2444 13.

317 2569 318 2574 ἵ
392 2478 480 2562 fgm.
504 2477 561 2563 (ib.
582 2479 604 2543 f.
628 2480 667 2546 5,)
896 2477 1036 2564 XXVI,
1060 2479 1091 2564 1,
1114 2479 1145 2546 2.

458 2721 496 2834 E.
524 2721 729 2826 Rclliquiau
755 2723 932 2806 librorum
957 2725 1190 2804 incertorum.

343 2878 475 2944 Restant
501 2885 564 2943 tres
590 2877 652 2943 loci
673 2878 811 2944 Tulliani
841 2881 881 2946 ab
907 2879 1071 2944 Ammiano
1103 2878 1239 2958 laudati,
1277 2878 1332 2961 qui
1363 2878 1397 2942 in

257 2982 345 3048 nullo
367 2982 518 3048 librorum
541 2982 744 3068 superstitum
766 2982 976 3048 inveniuntur.
1023 2982 1111 3048 Unus
1140 2981 1266 3067 quidem
1294 3003 1332 3048 ex
1354 2983 1399 3048 iis

259 3085 495 3153 similitudinem
518 3088 672 3172 quandam
694 3107 768 3174 prae
791 3107 824 3151 se
852 3088 1008 3152 tertuum
1035 3087 1104 3153 loco
1132 3087 1332 3153 divinationis
1364 3087 1397 3151 in

259 3191 294 3268 Q.
323 3191 505 3270 Caecilium,
543 3191 596 3257 sed
624 3214 694 3258 oum
721 3192 813 3256 etiam
842 3191 925 3278 apud
952 3193 1130 3258 Ciceronem
1159 3191 1277 3270 similes
1304 3213 1395 3277 saepe

257 3296 396 3380 legentur
417 3303 590 3366 structurae
612 3298 786 3376 verborum,
816 3297 899 3362 hune
929 3316 1051 3381 quoque
1080 3297 1183 3364 locum
1211 3294 1250 3361 ad
1281 3295 1396 3361 librum

259 3399 422 3485 quendam,
446 3402 499 3486 qni
521 3401 622 3487 periit,
645 3400 839 3466 referendum
860 3421 928 3466 esse
950 3407 1032 3486 puto.

345 3505 550 3572 Inveniuntur
564 3505 597 3570 hi
609 3504 670 3571 loci
685 3505 718 3569 iu
740 3505 800 3570 vol.
817 3504 866 3568 XI
878 3505 1186 3572 editionisaBaiteru
1209 3511 1240 3569 et
1261 3503 1398 3589 Kayscro

259 3610 366 3675 factae.
402 3633 433 3696 p.
465 3612 528 3677 140
558 3609 579 3674 1.
610 3612 647 3676 15
671 3609 692 3673 1.
721 3609 760 3674 21
785 3616 866 3695 etp.
892 3612 951 3674 141
977 3609 1061 3675 tuo
1094 3615 1126 3674 et
1147 3608 1293 3692 leguntur
1316 3607 1397 3693 apud

259 3714 470 3782 Ammianum.

686 3807 824 3902 XXVI,
847 3815 898 3902 10,
921 3815 968 3886 12.

685 3920 828 4006 XXXI,
851 3919 906 4006 14,
925 3921 955 3992 8.

685 4025 807 4112 XXX,
829 4024 864 4113 4,
888 4025 917 4097 7.
943 4089 947 4098 .

346 4222 430 4286 Hace
451 4221 515 4286 1616
537 4228 619 4295 sunt,
643 4240 722 4304 quae
736 4219 919 4284 Ammianus
949 4239 988 4284 ex
1003 4177 1279 4284 ¹Ciceronis-hausit
1294 4217 1392 4284 libris

261 4326 374 4407 Multa,
405 4347 483 4411 quae
509 4325 614 4390 miuus
641 4331 724 4390 certa
751 4329 851 4403 crunt,
883 4323 987 4402 omisi,
1019 4329 1051 4388 ct
1081 4322 1154 4387 lieet
1175 4319 1327 4390 nonnulla
1348 4343 1402 4392 mu
