3162 5124
827 330 849 392 4

358 516 441 583 Satis
465 518 506 582 sit
528 522 579 582 eos
608 517 746 584 attulisse
776 519 955 605 scriptores,
987 539 1116 602 quorum
1147 518 1280 601 vestigia
1310 519 1410 604 primo

271 619 360 700 quusi
389 617 534 704 adspectu
564 618 672 702 cuique
705 619 864 684 Ammiani
896 619 990 685 libros
1026 618 1141 702 legenti
1170 627 1329 705 apparent.
1375 620 1412 684 ln

273 717 418 802 reliquos,
449 719 563 801 quibus
586 718 723 802 legendis
747 741 869 804 operam
894 719 1065 796 novaverit,
1096 718 1196 783 studio
1221 719 1413 802 diligentiore

272 819 331 883 erit
352 819 581 902 inquirendum.
589 819 618 896 *1

362 1042 386 1108 ¹¹)
404 1045 458 1097 Hac
471 1048 544 1111 parta
559 1045 613 1112 jam
632 1043 752 1097 absoluta
769 1045 797 1096 in
815 1059 907 1096 manus
926 1060 996 1098 meas
1014 1044 1093 1098 allata
1111 1047 1151 1097 est
1162 1043 1318 1110 dissertatio,
1337 1061 1412 1113 quam

273 1126 487 1181 Gardthausenus
516 1127 619 1196 scripsit
642 1128 670 1180 in
689 1143 748 1180 ann.
767 1127 829 1193 phil.
849 1143 872 1181 a.
895 1127 963 1182 1873
983 1127 1069 1195 suppl.
1090 1127 1139 1181 vol.
1161 1127 1205 1182 VI.
1227 1142 1285 1195 pag.
1305 1126 1356 1180 509
1375 1143 1412 1195 sq.

273 1204 340 1274 „uie
359 1205 560 1276 qcopscpbiluen
579 1205 872 1264 credentissimus*
890 1209 995 1292 'Liceat
1016 1211 1078 1262 mihi
1097 1211 1137 1262 hic
1157 1210 1261 1271 addere,
1280 1226 1345 1278 quae
1358 1211 1413 1262 sin-

276 1291 346 1364 gulte
359 1291 421 1344 Iocis
431 1296 508 1345 antea
518 1291 628 1360 objicere
638 1289 772 1344 debebam.
800 1290 1003 1360 G.quamquem,
1017 1291 1084 1361 quod
1098 1293 1147 1346 sibi
1158 1293 1301 1360 proposuit,
1314 1309 1413 1346 summa
1426 1341 1427 1346 ,

271 1389 329 1426 cum
349 1373 482 1441 diligentia
501 1379 527 1427 et
544 1375 662 1427 acumine
680 1363 797 1439 absolvit,
818 1379 905 1427 tamur
925 1376 986 1428 mihi
1005 1377 1142 1428 nonsatis
1161 1375 1222 1428 lecit
1241 1377 1269 1428 in
1287 1391 1325 1442 oo,
1343 1377 1412 1444 quod

270 1457 400 1508 Ammiani
417 1457 522 1524 ingenio
541 1462 566 1510 et
584 1457 733 1524 diligentiae
753 1459 838 1510 minus
856 1457 956 1522 tribuit,
976 1474 1053 1526 quam
1069 1458 1171 1526 justum
1190 1463 1238 1511 est.
1280 1457 1310 1511 G.
1323 1460 1351 1511 In
1368 1474 1411 1511 eas

271 1539 340 1591 solas
359 1539 532 1606 digressiones
551 1540 697 1606 inquisivit,
726 1556 790 1608 quae
809 1539 842 1592 ed
861 1542 941 1593 sItum
960 1544 1088 1593 terrerum
1107 1545 1133 1592 et
1151 1555 1238 1593 mores
1257 1541 1412 1608 populorum

272 1622 412 1690 pertinent,
440 1625 516 1689 atque
538 1622 571 1674 ab
595 1623 731 1675 Ammiano
757 1639 788 1675 ex
806 1623 916 1676 aliorum
935 1623 1044 1675 haustae
1062 1626 1124 1675 sunt
1141 1623 1224 1677 libris.
1262 1623 1412 1676 Ammianus

273 1723 331 1760 vero
350 1709 373 1760 is
391 1711 439 1773 est,
458 1709 502 1776 qui
521 1709 548 1761 in
569 1725 724 1778 unaquaque
743 1711 839 1778 pagina
857 1726 872 1762 a
890 1711 1022 1777 proposIto
1048 1707 1162 1762 deflectit
1180 1714 1206 1762 et
1224 1725 1266 1776 ea,
1294 1726 1359 1778 quae
1382 1725 1413 1762 ex

275 1789 386 1843 lectione
405 1792 557 1858 scriptorum
579 1794 716 1847 memoriae
734 1793 877 1856 inhaerent,
900 1809 985 1845 rerum
1005 1797 1137 1859 gestarum
1156 1793 1247 1845 Inserit
1264 1793 1413 1846 narrationi.

270 1871 360 1940 Itaque
378 1889 436 1925 cum
454 1873 567 1927 dubitari
585 1889 637 1927 nou
657 1876 747 1942 possib,
767 1877 828 1942 quin
848 1877 925 1928 iniis
945 1890 1049 1942 quoque
1068 1876 1196 1942 partibus,
1221 1891 1285 1942 quas
1303 1875 1412 1928 admini-

274 1955 332 2008 culo
350 1955 458 2010 aliorum
477 1958 600 2010 librorum
620 1957 725 2026 adjutus
744 1957 889 2026 composuit
907 1958 989 2010 multa
1010 1957 1041 2009 de
1060 1958 1092 2009 iis
1115 1958 1247 2026 adjecerit,
1275 1973 1341 2026 quae
1359 1974 1411 2010 me·

273 2039 353 2090 moria
371 2040 484 2106 tenebat,
503 2045 579 2093 antea
596 2040 659 2093 mihi
678 2041 890 2094 considerandum
911 2042 1020 2105 videtur,
1042 2056 1150 2109 quorum
1168 2044 1300 2093 auctomm
1312 2041 1411 2092 Ammi-

272 2136 339 2174 anus
366 2121 485 2175 hahuerIt
503 2127 602 2176 tantam
621 2124 806 2190 cognitionem,
834 2129 863 2177 ut
884 2125 945 2178 inde
963 2125 1087 2191 quaedam
1114 2123 1204 2176 afferre
1231 2127 1330 2191 posset,
1357 2127 1410 2176 tum

271 2202 373 2256 ‹Iemum
398 2204 559 2272 siugularum
585 2207 697 2272 partium
720 2206 804 2259 fontes
829 2211 896 2260 recte
921 2208 1019 2260 secerni
1048 2222 1125 2274 posse
1151 2205 1215 2261 dico.
1252 2205 1410 2274 Quamquam

271 2286 351 2350 igitur
370 2286 489 2353 plurima,
508 2304 573 2355 quae
587 2288 617 2341 G.
631 2289 663 2340 de
681 2288 797 2341 fontibus
816 2290 996 2357 geographicis
1016 2281 1092 2354 eruit,
1107 2289 1161 2358 jam
1181 2290 1208 2342 in
1225 2288 1410 2342 dubitationem

270 2369 354 2420 vocari
372 2385 426 2422 non
444 2375 562 2437 possunt,
580 2371 632 2423 alia
649 2375 736 2424 tamen
757 2373 819 2424 mihi
837 2371 903 2425 falso
922 2388 979 2425 esse
998 2372 1066 2424 dicta
1083 2373 1213 2425 videntur.
1249 2371 1326 2424 Putat
1342 2371 1409 2423 enim

271 2454 302 2507 G.
317 2453 351 2522 (p.
365 2450 427 2517 550)
441 2454 604 2506 Ammianum
622 2469 670 2506 nee
683 2453 782 2507 Livium
801 2469 849 2506 nec
862 2453 1015 2507 Sallustium
1033 2456 1059 2506 In
1079 2455 1198 2508 manibus
1217 2455 1347 2519 habmsse,
1365 2454 1410 2506 sed

274 2553 304 2588 ea
322 2537 425 2588 tantum
444 2536 572 2600 retulisse,
593 2553 657 2595 uuae
677 2552 709 2589 ex
730 2537 855 2602 fontibus,
876 2538 969 2605 quibus
988 2539 1016 2590 in
1034 2537 1240 2606 digressionibus
1253 2552 1317 2590 usus
1334 2541 1411 2600 esset,

275 2619 414 2672 didicisset.
447 2618 597 2671 Sallustium
616 2620 702 2687 ipsum
723 2621 755 2672 ab
774 2621 912 2678 Ammiano
931 2636 989 2673 esse
1003 2621 1144 2689 perlectum
1161 2619 1214 2690 jam
1235 2620 1353 2688 opinatus
1373 2624 1412 2671 est

276 2703 307 2757 h.
318 2701 342 2754 d.
358 2700 511 2754 Gutschmid
530 2703 559 2753 in
577 2717 687 2754 censura
705 2703 786 2756 libelli
801 2720 815 2756 a
829 2702 859 2756 G.
873 2703 964 2771 scripti
981 2697 1038 2770 (itt.
1053 2699 1221 2758 Gcntrolblott
1235 2701 1300 2757 1873
1313 2719 1338 2770 p.
1353 2700 1413 2766 793)

276 2789 302 2837 et
314 2785 498 2837 demonstrant
508 2785 541 2838 II.
552 2784 629 2836 Hertz
641 2784 706 2848 (ind.
718 2785 787 2838 lectt.
799 2786 968 2838 Vratislaviae
978 2789 1040 2838 aest.
1055 2784 1300 2846 MDGCGLXXIV).
1324 2785 1412 2852 Itaque

271 2871 364 2932 restat,
382 2871 412 2920 ut
430 2867 498 2934 quod
524 2882 604 2934 supra
622 2867 688 2931 dixi,
714 2869 878 2921 Ammianum
896 2869 924 2920 in
941 2868 1013 2920 Livio
1032 2868 1141 2936 legendo
1160 2868 1248 2920 surdia
1265 2867 1411 2932 collocasse,

271 2966 341 3003 nunc
361 2949 506 3004 defendam.
538 2949 564 3002 Si
578 2950 609 3003 G.
623 2953 691 3002 recte
706 2950 841 3018 judicaret,
861 2951 910 3004 Ioci
928 2952 1027 3004 similes
1039 2951 1152 3004 Liuianis
1165 2953 1193 3004 iu
1205 2951 1411 3020 digressionibus

279 3034 340 3086 solis
360 3033 435 3085 nobis
454 3037 624 3086 occurrerent.
655 3033 706 3086 Sed
725 3049 782 3085 cum
801 3051 847 3101 per
866 3049 954 3087 omnes
973 3034 1052 3086 libros
1070 3035 1135 3087 ratio
1153 3033 1274 3087 narrandi
1291 3050 1344 3087 nou
1355 3047 1412 3086 raro

271 3115 371 3169 Livium
390 3115 512 3179 redoleat,
538 3115 602 3182 quin
621 3116 688 3168 hune
708 3117 794 3183 ipsum
813 3117 841 3168 in
862 3116 980 3170 manibus
999 3117 1130 3181 habuerit,
1154 3117 1217 3169 mihi
1235 3133 1287 3170 nou
1306 3117 1412 3169 dubium

270 3203 321 3255 est.
354 3197 477 3250 Centoras
495 3201 547 3251 tres
566 3198 652 3262 locos,
682 3214 747 3265 quos
767 3200 931 3252 Ammianum
950 3200 981 3252 de
1001 3215 1048 3253 suo
1069 3199 1188 3252 hausisse
1206 3201 1281 3252 etiarn
1302 3199 1331 3252 G.
1352 3215 1412 3251 con·

275 3281 355 3334 cedet.
1301 3317 1303 3322 -

305 3363 359 3418 Liv.
373 3363 454 3427 XXV,
469 3362 509 3428 18,
521 3363 538 3416 3
570 3364 614 3416 sed
628 3365 656 3417 in
669 3365 737 3418 bello
749 3365 814 3418 nihil
902 3366 985 3419 Amm.
998 3365 1094 3430 XXIV,
1103 3367 1129 3428 4,
1141 3365 1173 3420 19
1187 3366 1234 3419 sed
1245 3367 1273 3418 in
1283 3365 1412 3418 destrictis

271 3450 323 3498 tam
351 3446 405 3499 leve
433 3450 485 3511 est,
516 3446 585 3513 quod
611 3462 664 3498 non
692 3462 814 3514 magnum
867 3448 1067 3500 necessitatibus
1103 3449 1169 3500 nihil
1199 3453 1250 3500 tam
1280 3448 1335 3501 leve
1364 3452 1412 3512 est,

271 3528 401 3581 Interdum
419 3530 456 3580 rei
469 3531 626 3582 momentum
640 3529 726 3584 faciat.
745 3529 815 3593 (adn.
868 3529 936 3596 quod
954 3544 1007 3583 non
1019 3530 1149 3582 interdum
1162 3531 1238 3582 etiam
1253 3533 1341 3583 contra
1354 3546 1400 3597 spe

272 3611 349 3663 Gron.
369 3611 401 3662 ad
415 3610 498 3664 hmm.
512 3610 528 3664 I.
543 3608 572 3675 I.)
868 3615 924 3663 rate
947 3627 1031 3663 rerum
1060 3611 1159 3664 adierat
1186 3616 1315 3665 momenta
1342 3625 1412 3678 mag·

868 3708 968 3745 narum.

303 3775 358 3827 hir.
368 3775 456 3839 XXX,
472 3774 541 3838 18,6
560 3791 597 3842 sq.
617 3775 644 3826 ni
662 3775 736 3840 Mago
756 3815 762 3829 .
781 3815 786 3825 .
807 3816 813 3830 .
904 3775 986 3830 Amm.
1012 3776 1096 3842 XXV,
1119 3781 1143 3841 1,
1168 3779 1207 3843 14,
1229 3779 1262 3834 15
1292 3777 1412 3845 elephan-

270 3857 420 3924 eIephantos
439 3857 567 3924 extemplo
586 3858 614 3908 In
628 3858 755 3924 proelium
775 3859 815 3910 in·
869 3862 953 3911 torum
967 3900 974 3915 .
987 3901 994 3914 .
1007 3899 1013 3910 .
1027 3859 1180 3928 adquorum
1199 3860 1334 3913 stridorem
1353 3859 1413 3912 odo-

271 3939 397 4003 durisset,
416 3939 448 3991 ad
467 3953 575 4006 quorum
596 3940 733 3992 stridorem
754 3938 815 3992 odo·
870 3956 976 4008 remque
995 3945 1021 3994 et
1039 3943 1171 3996 insuetum
1185 3947 1317 4009 aspectum
1331 3941 1412 4008 magis

271 4038 374 4089 remque
385 4026 410 4074 et
419 4025 554 4088 aspectum
566 4022 696 4088 perterriti
706 4021 778 4088 equi.
790 4063 813 4075 ..
828 4041 832 4048 ·
871 4024 932 4089 equi
950 4026 1125 4077 terrebantur:
1156 4025 1250 4092 quibus
1270 4024 1412 4076 insidentes

305 4104 359 4157 Lis.
373 4101 482 4167 XXVII,
496 4102 537 4167 49,
553 4108 567 4157 1
585 4103 715 4170 elephanti
728 4103 817 4170 plures
872 4107 990 4172 magistri
1006 4107 1178 4160 manubriatos
1191 4107 1286 4160 cultros
1299 4105 1412 4157 dexteris

271 4188 303 4239 sb
326 4187 390 4254 ipsis
415 4186 567 4245 rectoribus,
595 4202 670 4252 quarn
692 4187 724 4238 ab
744 4187 817 4238 hoste
870 4189 990 4242 uranibus
1009 4190 1130 4256 inIIgatos
1154 4189 1315 4255 gestabant.
1336 4227 1342 4238 .
1363 4192 1413 4242 .at

270 4268 407 4322 interlecti.
426 4266 517 4318 fabrile
533 4267 661 4333 scalprum
679 4284 736 4320 cum
753 4269 816 4321 mal·
870 4271 891 4322 si
912 4269 1038 4324 ferociens
1056 4272 1149 4325 animal
1166 4271 1232 4322 vires
1245 4273 1414 4337 exuperasset

272 4351 312 4402 leo
331 4351 472 4402 habebant:
492 4349 525 4414 id,
546 4350 589 4400 ubi
610 4352 706 4402 suevIre
727 4351 816 4404 beluae
869 4354 992 4418 regentis,
1010 4371 1043 4408 ne
1061 4369 1189 4408 reversum
1210 4368 1255 4420 per
1271 4367 1335 4404 vsum
1355 4393 1360 4405 .
1381 4389 1411 4405 ..
