3162 5124
820 320 860 384 16

266 512 429 578 imitandis
454 512 586 578 aliorum
608 505 767 578 aucto‘rum
792 510 907 576 verbis:
935 510 1078 576 flosculos
1100 510 1192 576 modo
1215 523 1294 575 recte
1325 510 1411 574 exhi·

267 618 327 698 bet,
351 616 442 683 modo
470 639 538 681 cum
563 617 627 682 suis
650 616 754 682 verbis
777 615 951 701 permiscet,
975 614 1067 680 modo
1089 622 1199 694 mutat,
1223 623 1258 679 ut
1279 614 1412 680 dubitari

268 730 412 805 nequeat,
446 720 522 805 quin
545 721 723 788 memoriter
746 741 850 785 omnes
873 719 1045 805 protulerit.
1101 720 1182 784 Cave
1213 740 1284 784 vero
1308 720 1412 784 credas

269 827 470 893 Ammianum
494 825 638 892 omnibus
661 825 734 890 locis
757 824 896 890 consulto
920 824 1098 890 adhibuisse
1121 826 1217 890 verba
1232 823 1264 888 iu
1280 824 1412 888 aliorum

268 930 365 997 libris
389 931 482 1010 lecta;
505 929 570 996 fiori
592 930 673 995 enim
698 951 759 995 non
782 929 893 1016 potuit,
917 930 989 1012 quin
1013 929 1051 1008 is,
1074 929 1126 1013 qui
1149 929 1276 1016 aegre*)
1299 930 1412 993 scribe-

167 1099 169 1104 ,
266 1041 313 1101 ret
335 1035 473 1119 linguam
497 1033 635 1115 latinam,
659 1055 720 1099 non
748 1034 872 1120 proprio
895 1041 1032 1098 uteretur
1055 1053 1211 1111 sermone,
1239 1033 1291 1097 sed
1317 1033 1411 1098 ctiam

267 1139 392 1224 ignarus
415 1161 451 1204 ea
472 1139 631 1226 proferret,
660 1135 738 1222 quae
762 1138 846 1224 apud
868 1138 944 1204 alios
966 1138 1090 1223 legerat.
1135 1138 1212 1204 Cum
1229 1138 1411 1203 Ammianus

268 1253 391 1329 practer
405 1245 581 1312 Ciceronem
596 1245 689 1310 ctiam
706 1244 890 1327 Vergilium,
908 1242 1102 1322 Sallustium,
1120 1243 1263 1308 Tacitmn
1274 1243 1410 1327 aliosque

268 1350 409 1414 imitatus
433 1351 483 1430 sit,
514 1349 588 1434 quid
613 1349 724 1432 cuique
747 1348 867 1426 debeat,
892 1348 1019 1413 difficile
1041 1367 1134 1433 saepe
1157 1355 1205 1412 est
1226 1348 1410 1432 dijudicatu,

266 1462 298 1518 et
322 1454 543 1537 quaerentibus
565 1454 669 1530 nobis,
702 1473 781 1536 quae
804 1475 842 1518 ex
864 1453 959 1517 Tullii
983 1474 1123 1518 sermone
1145 1473 1200 1517 sua
1223 1451 1344 1532 lecerit,
1375 1475 1410 1516 ea

266 1559 431 1645 praecipue
464 1566 556 1623 erunt
588 1558 752 1637 afferenda,
784 1579 861 1641 quae
884 1556 972 1622 illius
1001 1557 1123 1643 propria
1152 1578 1208 1620 nec
1238 1578 1306 1622 cum
1338 1557 1408 1622 aliis

267 1663 443 1728 communia
465 1669 545 1728 sunt.
1388 1663 1392 1674 ’

353 1769 556 1833 Ammianum
567 1767 721 1833 Ciceronis
735 1788 809 1853 prae
825 1767 934 1832 ceteris
952 1767 1124 1832 orationem
1139 1765 1325 1830 admiratum
1340 1752 1409 1830 esse

266 1895 301 1938 eo
324 1871 527 1956 intelligimus
551 1872 626 1950 loco,
651 1872 706 1937 ubi
721 1871 852 1936 Modesti
869 1871 1013 1957 praefecti
1030 1871 1179 1958 praetorio
1201 1870 1304 1935 reddit
1323 1892 1407 1934 men-

267 1978 393 2044 tionem.
438 1981 514 2044 Cum
537 1977 620 2041 enim
642 1998 763 2042 narrare
780 1976 858 2041 velit
874 1977 1047 2044 Modestum
1063 1997 1133 2040 cum
1148 1975 1219 2040 aliis
1234 1977 1324 2040 rebus
1341 1985 1407 2039 tum

266 2081 503 2168 coimperatori
529 2080 701 2147 blanditum
725 2102 807 2161 esse,
838 2080 920 2164 quod
942 2081 1049 2144 rudem
1079 2083 1143 2164 ejus
1172 2101 1343 2146 sermonem
1376 2088 1408 2144 ut

267 2188 437 2270 elegantem
461 2185 644 2265 laudaverit,
670 2207 725 2250 suo
748 2207 832 2251 more
854 2186 900 2250 ita
923 2185 1059 2268 loquitur
1079 2184 1194 2259 XXIX,
1220 2192 1247 2262 1,
1273 2189 1310 2250 ll
1398 2234 1404 2248 .

266 2292 432 2357 Valentem
455 2292 664 2356 subrusticum
688 2290 845 2366 hominem
868 2290 928 2355 sibi
952 2290 1035 2358 varie
1066 2289 1305 2370 ccmmulcebat,
1336 2290 1404 2353 bor-

265 2397 368 2462 ridula
390 2399 456 2483 ejus
480 2397 575 2462 verba
596 2403 627 2461 et
652 2396 741 2460 rudia
763 2395 904 2460 flosculos
927 2395 1091 2460 Tullianos
1115 2395 1286 2480 appellans

353 2502 482 2595 Singula
497 2522 575 2586 quae
592 2501 778 2566 Ammianus
795 2522 832 2564 ex
848 2500 1002 2564 Ciceronis
1017 2499 1105 2566 libris
1121 2500 1302 2586 desumpsit,
1326 2522 1407 2564 nurrc

267 2608 312 2672 ita
335 2607 531 2686 enumerabo,
560 2615 711 2689 utquam
735 2605 869 2670 maxima
893 2605 1032 2670 ordinem
1055 2625 1166 2689 sequar
1188 2605 1336 2671 librorum
1361 2605 1408 2669 Ci-

267 2712 394 2789 ceronis‚
419 2731 478 2796 quo
502 2710 622 2774 facilius
645 2710 737 2774 simul
760 2710 899 2792 intellegi
923 2710 1030 2794 possit,
1054 2719 1168 2792 quanto
1186 2710 1288 2774 studio
1305 2711 1408 2793 singu·

267 2815 313 2880 los
337 2815 507 2900 perlegerit.

357 2957 397 3036 A.
426 2956 537 3052 libri,
566 2956 629 3057 qni
657 2957 701 3034 ad
730 2961 845 3034 artem
873 2956 1059 3056 pertinent
1085 2956 1314 3035 rhetoricam.

354 3095 450 3160 Nulla
472 3095 605 3179 vestigia
626 3095 659 3158 in
681 3095 840 3158 Ammiani
869 3115 1006 3160 sermone
1028 3094 1172 3176 indagare
1195 3097 1280 3181 potui
1309 3095 1407 3158 libelli

267 3201 314 3282 ,de
340 3201 455 3288 optimo
478 3221 587 3284 genere
609 3206 774 3264 oratorum‘
807 3207 836 3264 et
866 3200 1044 3286 ,topicorum
1079 3199 1119 3264 ad
1150 3201 1182 3266 C.
1207 3198 1405 3262 Trebatium}

265 3306 366 3371 Etiam
390 3306 439 3383 ,de
461 3305 638 3371 inventione
659 3304 763 3370 libros‘
789 3304 866 3369 duos
883 3305 1066 3369 Ammianus
1082 3303 1255 3386 neglexisse
1272 3300 1404 3365 videtur.

266 3411 352 3487 Quod
385 3411 466 3475 cuim
496 3410 543 3477 bis
574 3408 669 3488 (XlV,
695 3412 745 3489 10,
777 3411 829 3490 133
853 3408 936 3489 XXI,
961 3414 1011 3486 16,
1037 3409 1091 3494 18)
1122 3407 1196 3472 dicit
1224 3405 1408 3488 „absolutus

266 3525 296 3579 ct
322 3513 494 3600 simplex,“
524 3536 603 3598 quae
626 3517 787 3598 conjuncta
809 3513 954 3597 leguntur
977 3513 1014 3576 de
1037 3514 1099 3578 inv.
1129 3512 1166 3588 ll,
1189 3513 1242 3591 57,
1269 3513 1326 3578 iil
1352 3510 1408 3573 mi·

266 3640 341 3684 nora
365 3627 445 3698 sunt,
470 3640 564 3703 quam
588 3627 623 3682 ut
645 3618 717 3681 inde
741 3619 818 3683 certi
834 3617 1004 3701 quidquam
1020 3617 1119 3701 colligi
1137 3616 1243 3703 possit.
1273 3613 1410 3693 Accedit,

266 3724 348 3810 quod
373 3724 480 3790 eadem
499 3723 594 3788 verba
609 3723 762 3788 Macrobio
779 3729 904 3788 auctore
920 3722 953 3786 in
968 3722 1045 3786 libro
1061 3721 1099 3785 de
1114 3721 1274 3807 republica
1297 3718 1360 3796 (Vl,
1378 3720 1410 3798 7>

352 3916 380 3988 *)
416 3935 469 3972 non
487 3935 544 3972 raro
562 3922 697 3987 paternum
720 3933 863 3972 sermonem
883 3918 916 3970 ad
934 3919 1041 3972 verbum
1059 3919 1087 3970 in
1105 3917 1249 3969 Romanum
1273 3913 1410 3967 transfert:

266 4007 333 4076 quod
353 4006 518 4075 Thucydides
532 4007 562 4066 V,
575 4008 591 4061 9
604 4007 694 4060 scribit
712 4006 870 4071 ,,κλέμματα
890 4005 937 4056 nori
954 4003 1089 4074 nula‘pceu“
1111 3999 1355 4070 „furtabell01um“
1372 3999 1410 4052 dl·

266 4096 300 4148 cii
318 4094 416 4152 XXlll,
429 4094 453 4159 3,
467 4094 491 4148 9.
517 4094 679 4146 Homericum
693 4093 759 4146 illud
773 4089 882 4162 „gaagni
896 4090 991 4159 βιβιῖς“
1004 4093 1120 4145 imitatur
1133 4090 1218 4157 XXII,
1233 4091 1274 4156 14,
1287 4090 1303 4142 3
1316 4103 1410 4154 „gran-

266 4183 309 4236 dia
322 4180 471 4252 incedcns.“
495 4181 619 4234 Similiter
631 4196 750 4249 graecum
764 4180 882 4233 redolent
897 4195 1037 4233 sermonem
1051 4178 1161 4244 XXVII,
1177 4177 1216 4243 12,
1230 4178 1245 4229 7
1257 4180 1304 4241 „ut
1316 4176 1413 4227 lateant

265 4270 292 4322 id
307 4266 490 4334 temptantes,“
509 4267 598 4334 XXX,
613 4267 637 4334 7,
657 4270 673 4322 6
686 4285 735 4334 „ne
749 4269 828 4321 latere
846 4285 959 4338 unquam
969 4335 971 4340 Ι
980 4269 1060 4320 bostis
1078 4266 1110 4318 ad
1123 4269 1212 4318 nostra
1225 4279 1253 4314 se
1266 4261 1411 4329 proripiens

265 4354 374 4426 possit.“
