3162 5124
750 333 770 396 5

277 523 363 606 Inter
386 542 437 587 eos
464 521 646 607 scriptoreS,
673 523 786 604 quibus
809 523 941 586 manime
964 524 1148 588 Ammianus
1172 533 1218 589 est
1248 525 1328 590 dele-

191 630 300 700 ctatus,
324 623 437 700 nescio,
462 643 500 685 an
524 643 585 686 non
608 622 742 708 primum
765 621 866 688 locum
888 629 994 688 teneat
1016 625 1056 688 M.
1074 624 1197 688 Tullius
1214 626 1328 690 Cicero.

189 722 277 798 Quod
300 744 368 786 cum
392 745 429 786 ex
453 745 487 787 eo
511 722 704 805 intelligitur,
728 722 809 806 quod
832 723 957 788 nullum
980 730 1149 788 ceterorum
1169 732 1327 790 auctorum

189 823 301 889 totiens
332 823 481 901 laudavit,
513 829 582 887 tum
605 845 642 886 ex
665 823 779 900 verbis,
810 844 888 906 quae
912 823 1005 888 dietis
1036 825 1086 888 vel
1118 826 1279 890 sententiis
1310 847 1329 894 a

190 923 332 987 Cicerone
347 923 453 1008 petitis
469 923 547 988 solet
562 924 711 1007 praefari:
735 923 802 1000 XV,
821 924 850 1000 5,
867 925 919 1002 23,
937 924 1146 1002 „mirabamur
1161 924 1243 989 illam
1262 947 1329 992 sen-

189 1024 316 1107 tentiam
333 1023 522 1103 Tullianam,
539 1022 624 1103 XIX,
638 1024 688 1096 12,
704 1025 742 1088 18
754 1023 925 1087 imitandus
942 1025 983 1088 sit
998 1023 1132 1104 Tullius3
1150 1025 1234 1106 XXI,
1251 1032 1276 1103 l,
1289 1029 1328 1092 14

186 1124 267 1188 unde
282 1123 434 1209 praeclare
458 1123 655 1207 hecquoque
677 1123 792 1187 utalia
815 1122 954 1203 Tullius3
985 1124 1070 1203 XXI,
1100 1128 1129 1204 1,
1161 1127 1180 1189 2
1204 1126 1328 1190 Tullius

186 1225 275 1289 testis
297 1225 500 1303 reverendus,
531 1222 631 1301 XXX,
652 1224 693 1301 ’8,
725 1226 742 1288 7
772 1223 853 1287 unde
879 1231 996 1288 motum
1024 1225 1167 1290 existimo
1191 1225 1328 1290 Tullium

186 1324 340 1411 praeclare
369 1323 617 1408 pronuntiasse.“
663 1323 803 1388 Ciceroni
825 1323 960 1409 primum
975 1325 1078 1389 locum
1094 1325 1233 1390 coneedit
1248 1326 1328 1391 inter

187 1431 322 1490 oratores
345 1423 444 1500 XXX,
467 1426 498 1501 4,
524 1427 550 1490 l.
576 1424 629 1487 ubi
652 1425 757 1508 paucis
782 1425 885 1490 verbis
907 1425 1079 1491 oratoribus
1094 1426 1268 1511 perstrictis
1284 1427 1327 1492 ita

186 1526 297 1611 pergit:
329 1532 421 1610 „Post
453 1545 529 1607 quos
566 1524 842 1589 excellentissimus
874 1525 1010 1590 omnium
1041 1526 1147 1591 Cicero
1183 1528 1329 1592 orationis

188 1625 371 1710 imperiosae
386 1625 567 1689 fluminibus
583 1646 673 1709 saepe
690 1625 849 1710 depressos
866 1624 987 1709 aliquos
994 1625 1181 1710 judiciorum
1194 1627 1328 1713 eripiens

186 1725 330 1805 fiammis,
359 1747 420 1790 non
444 1724 568 1788 defendi
591 1724 731 1789 homines
754 1725 821 1789 siue
841 1726 1064 1811 vituperatIone
1081 1727 1213 1791 fortasse
1228 1749 1328 1812 posse,
1364 1714 1369 1720 ¹

185 1826 378 1910 neglegenter
401 1824 525 1888 defendi
548 1824 615 1888 sine
636 1824 748 1908 scelere
763 1847 824 1890 non
838 1847 937 1908 posse,
954 1827 1126 1892 firmabat.“
1162 1827 1326 1893 Similibus

186 1926 331 1991 laudibus
349 1946 418 1988 eum
435 1927 520 1989 effert
535 1924 634 2004 XXII,
661 1927 710 2005 16,
736 1929 786 2004 16,
807 1945 866 2008 que
881 1926 946 1991 loco
960 1925 1131 2010 Didymum
1148 1927 1326 1992 Chalcente-

185 2047 264 2103 rum,
288 2047 381 2109 quem
404 2025 685 2090 eminentissimum
706 2025 783 2090 dicit
797 2026 876 2090 inter
893 2027 975 2091 vires
992 2026 1198 2093 Alexandriae
1213 2027 1327 2092 studiis

185 2132 384 2212 praestantes,
409 2132 512 2190 tamen
534 2125 683 2211 increpat,
706 2125 788 2208 quod
810 2148 904 2192 ausus
928 2127 970 2192 sit
985 2128 1128 2192 Tullium
1143 2129 1326 2213 vituperare,

184 2226 233 2290 his
249 2227 368 2292 verbis:
385 2227 486 2306 „inter
501 2245 578 2310 quos
591 2226 809 2290 Chalcenterus
821 2226 951 2292 eminuit
963 2227 1127 2312 Didymus,
1144 2228 1327 2313 multiplicis

186 2327 330 2391 scientiae
345 2327 435 2411 copia
456 2324 674 2406 memorabilis
697 2326 750 2410 qui
772 2326 806 2390 in
828 2326 891 2392 illis
913 2349 968 2392 sex
990 2327 1089 2408 libris,
1111 2329 1164 2393 ubi
1187 2348 1328 2392 nonnun-

185 2448 276 2510 quam
310 2427 488 2511 imperfecte
521 2425 661 2490 Tullium
699 2427 911 2512 reprehendit,
946 2427 1152 2513 sillographos
1190 2428 1328 2492 imitatus

189 2527 352 2610 scriptores
391 2525 571 2606 maledices,
603 2526 721 2611 judicio
760 2526 915 2592 doctarum
948 2529 1073 2592 aurium
1105 2530 1262 2594 incusatur
1294 2535 1329 2593 ut

188 2626 337 2690 immania
359 2627 539 2690 frementem
562 2625 684 2692 leonem
705 2627 858 2712 putidulis
881 2629 1008 2694 vocibus
1028 2629 1113 2694 canis
1129 2629 1247 2694 catulus
1263 2628 1328 2693 lon-

183 2727 252 2810 gius
286 2726 553 2792 circumlatrans.“
603 2725 723 2801 Quanta
757 2727 920 2809 diligentia
954 2729 1140 2793 Ammianus
1171 2730 1327 2794 Ciceronis

185 2827 347 2912 perlegerit
373 2835 404 2892 et
427 2833 576 2911 quantum
599 2827 736 2892 fructum
759 2849 795 2892 ex
818 2827 858 2892 iis
886 2830 1063 2914 perceperit,
1094 2851 1176 2898 nunc
1202 2833 1327 2894 demon-

183 2935 282 2993 strare
304 2928 380 2993 mihi
405 2929 599 3014 propositum
623 2935 678 2996 est.

270 3029 383 3094 Omnes
405 3029 579 3115 scriptores,
610 3029 645 3092 in
666 3029 780 3112 quibus
802 3029 940 3113 legendis
967 3030 1152 3096 Ammianus
1184 3037 1322 3095 versatus
1408 3059 1412 3070 ¹

184 3138 241 3211 est,
263 3150 325 3195 non
347 3131 391 3194 ita
411 3132 573 3210 tractabat,
597 3137 633 3194 ut
656 3129 745 3213 quasi
767 3149 876 3194 sucum
898 3138 929 3196 et
952 3132 1133 3214 sanguinem
1156 3134 1221 3216 ejus
1236 3152 1327 3216 pene-

184 3321 214 3358 ac
232 3322 306 3358 ruere
324 3307 352 3359 in
370 3322 432 3360 sues
451 3309 590 3375 coeperant
607 3307 731 3374 magister
784 3307 908 3360 conlisam
918 3311 1045 3360 sterneret
1054 3307 1164 3375 plebem,
1174 3309 1326 3372 vertebram,

184 3387 252 3440 inter
269 3404 346 3442 aures
365 3390 480 3456 positum
498 3391 556 3457 ipso
574 3390 602 3443 in
614 3389 729 3454 articulo,
783 3407 849 3458 qnae
861 3394 938 3457 eaput
950 3407 965 3442 a
978 3391 1075 3442 cervice
1088 3390 1258 3454 disterminat,
1274 3391 1328 3443 ictu

185 3485 236 3535 quo
260 3471 382 3539 jungitur
403 3473 482 3540 capiti
509 3472 606 3536 eervirr,
634 3476 729 3539 quanto
751 3503 756 3514 ι
783 3475 895 3526 maxime
913 3471 1087 3524 terebrabant.
1113 3472 1272 3538 exploratum
1286 3478 1327 3526 est

186 3553 296 3606 maxime
315 3557 415 3622 poterat
433 3555 561 3622 adigebat.
584 3570 615 3608 ea
627 3552 729 3607 celerri-
782 3556 851 3608 enim
866 3553 1008 3621 aliquando
1021 3555 1054 3607 ab
1067 3554 1237 3620 Hasdrubale,
1256 3555 1326 3608 Han-

186 3649 228 3685 ma
245 3635 287 3687 via
305 3637 394 3689 mortis
412 3638 440 3690 in
457 3641 546 3691 tantae
559 3637 634 3690 molis
652 3637 730 3690 belua
782 3638 877 3690 nibalis
896 3636 988 3700 fratre,
1011 3637 1048 3689 ita
1066 3636 1143 3689 eitius
1161 3636 1239 3706 hujus
1258 3637 1327 3690 medi

185 3716 290 3769 inventa
312 3722 379 3783 erat,
407 3719 453 3772 ubi
475 3720 582 3788 regendi
600 3735 672 3787 spem
690 3720 728 3770 ri-
780 3722 859 3776 adimi
872 3722 1016 3777 beluarum.

185 3799 289 3864 cissent,
309 3802 459 3868 primusque
476 3802 504 3855 id
522 3803 673 3856 Hasdrubal
690 3803 729 3854 in·

185 3881 314 3935 stibrerat.
349 3881 422 3947 (adn.
439 3883 517 3938 Gron.
528 3884 562 3938 ad
573 3884 656 3937 Amm.
670 3885 687 3938 l.
700 3881 731 3944 ll

220 3963 274 4018 Liv.
287 3963 389 4026 XXIX,
407 3967 432 4030 3,
451 3966 483 4020 13
515 3967 584 4018 Afris
603 3971 679 4034 gente
697 3967 731 4019 ad
817 3965 902 4016 Amm.
915 3963 1016 4028 XXXI,
1030 3962 1054 4027 2,
1068 3965 1099 4018 11
1119 3963 1209 4014 Hunni
1227 3963 1259 4015 ad
1273 3979 1326 4016 em-

186 4063 288 4100 omnem
308 4060 400 4100 auram
417 4049 474 4116 spei
492 4048 581 4101 mobili
596 4051 673 4116 atque
689 4049 729 4102 in·
782 4064 841 4102 nem
873 4062 961 4100 auram
989 4045 1128 4100 incidentis
1160 4045 1216 4112 spei
1245 4060 1327 4097 novae

184 4129 244 4182 fida.
282 4129 349 4191 (adn.
363 4130 448 4188 Voles.
461 4131 494 4184 ad
513 4130 625 4183 Amml.
639 4129 667 4191 l.)
783 4145 906 4198 perquam
925 4127 1042 4182 mobiles.

271 4209 401 4262 Ammiani
419 4209 499 4276 igitur
517 4208 670 4273 doctrinam,
690 4208 750 4262 lieet
766 4223 821 4261 nen
837 4209 911 4260 tanta
930 4208 972 4272 sit,
991 4210 1114 4275 quanam
1133 4221 1192 4260 esse
1210 4207 1267 4273 ipse
1279 4221 1326 4258 no-

187 4292 228 4346 bis
247 4293 403 4360 persuadere
422 4292 536 4356 studuIt,
563 4294 649 4344 tamm
668 4291 749 4344 multe
767 4290 850 4358 pluris
868 4289 1015 4344 faciendum
1035 4305 1092 4344 csse
1116 4306 1221 4354 censeo,
1249 4304 1325 4358 qnam

187 4373 218 4428 G.
237 4391 293 4428 eam
309 4374 443 4446 judicarit.
