3162 5124
718 299 757 364 19

213 511 270 592 III,
295 512 349 590 52,
373 510 434 576 199
457 508 505 573 his
526 508 626 574 tribus
641 507 715 590 figu-
810 503 922 583 XXVI,
949 508 998 584 10,
1022 507 1061 570 10
1076 511 1107 569 et
1122 503 1309 570 Catonianae

100 703 102 706 Ι
169 616 214 680 ris
235 613 405 679 insidere
428 611 555 698 quidam
572 617 715 676 venusta·
769 609 818 674 vel
841 609 1005 676 Cassianae
1028 608 1199 674 sententiae
1226 609 1309 674 fuco

171 719 213 784 tis
228 739 289 784 non
306 718 389 782 luen
405 716 560 794 inlitus,
577 714 632 779 sed
648 735 715 778 san-
769 713 903 799 perliti
926 713 1100 778 resident
1118 713 1248 798 judices

173 823 266 906 guine
290 822 419 886 diffusus
441 819 533 885 debet
554 819 645 886 eolor.

191 963 230 1029 de
254 961 354 1030 elaris
379 960 570 1029 oratoribus
593 958 689 1035 liber,

258 1066 315 1148 qui
338 1064 463 1131 dieitur
484 1064 627 1129 Brutus:

219 1206 268 1283 12,
290 1205 333 1269 46
364 1201 486 1288 (secui)
522 1200 602 1283 quoe
636 1205 717 1264 esse
811 1200 912 1280 xxn,
936 1203 965 1282 e,
993 1204 1007 1266 1
1031 1201 1177 1287 Aegyptii
1201 1250 1208 1265 .
1234 1254 1240 1269 .
1264 1221 1313 1284 ge·
1383 1165 1384 1170 '
1508 1149 1510 1154 ⁵

172 1308 416 1388 acutaillagens
429 1311 459 1370 et
473 1311 717 1370 controversa
770 1326 828 1370 nus
843 1305 1002 1370 hominum
1023 1313 1314 1372 controversum

173 1421 287 1479 natura
302 1411 430 1497 (Haupt,
447 1408 600 1474 indleett.
617 1405 718 1473 Beml.
814 1407 924 1488 XXII,
941 1409 970 1487 6,
994 1411 1036 1476 23
1074 1409 1210 1496 Aegypti
1232 1431 1312 1475 eon·

175 1523 254 1582 aest.
283 1514 365 1582 1868
388 1537 418 1600 p.
445 1515 496 1591 10)
771 1513 942 1581 troversi
965 1519 996 1578 et
1023 1534 1206 1600 reposcones
1233 1537 1314 1580 acer·

220 1724 272 1803 21,
295 1723 336 1791 93
365 1745 445 1788 cum
473 1723 548 1786 haec
573 1719 720 1785 dixissem
773 1640 883 1803 rmXIX,
916 1725 945 1802 5,
977 1725 997 1789 2
1033 1745 1174 1808 eumque
1204 1723 1317 1787 inter-

180 1837 211 1892 et
246 1826 405 1913 paulum
450 1825 720 1909 interquievis-
773 1830 988 1913 quievisset
1009 1827 1210 1913 paululum.

179 1953 253 1996 sem

223 2037 276 2139 25,
300 2036 341 2102 97
373 2035 626 2114 Cassius...
654 2034 723 2120 ipsa
817 2037 919 2116 XXII,
943 2040 973 2117 9,
1003 2040 1024 2104 9
1049 2037 1207 2122 judicibus
1237 2037 1317 2103 Cas·

177 2141 349 2206 tristitia
371 2147 402 2205 et
432 2140 596 2206 severitate
627 2159 722 2226 popu·
775 2142 847 2207 siis
870 2140 1021 2206 tristior
1043 2151 1075 2207 et
1097 2142 1253 2228 Lyeurgis.

177 2245 261 2312 lario.
327 2247 365 2310 ef.
387 2267 406 2331 p
422 2246 512 2312 Rosa.
528 2246 597 2310 Am.
613 2245 666 2323 30,
682 2244 723 2308 85

179 2351 448 2532 (P·3{l)·126n0n
472 2452 570 2518 solum
594 2471 725 2516 uouere
820 2455 889 2536 XV,
912 2459 942 2536 2,
966 2455 986 2519 8
1009 2455 1242 2542 procudendi
1270 2457 1320 2521 in·
1383 2437 1384 2440 Ἴ

78 2551 80 2554 ’
183 2555 237 2620 sed
261 2557 355 2622 etiam
377 2557 458 2623 alere
481 2556 681 2640 ingenium.
778 2560 878 2642 genii
901 2582 1000 2626 eausa.

228 2659 726 2745 oonf.deor.lll,30,121(p.18)
821 2663 905 2743 XVI,
937 2667 967 2744 5,
999 2667 1019 2732 6
1052 2666 1090 2731 ad
1123 2665 1321 2750 procuden·

225 2765 303 2832 Phil.
341 2765 383 2846 II,
421 2767 469 2840 17,
505 2767 561 2842 423
609 2762 647 2826 de
686 2783 726 2827 or.
780 2767 863 2832 dum
886 2769 1099 2852 ingenium.

227 2869 284 2948 Ill,
308 2871 359 2951 24,
383 2871 434 2938 93.

223 2976 276 3054 49,
294 2976 354 3041 181
373 2973 410 3039 de
427 2974 539 3059 quibus
553 2973 724 3037 nullamo·
822 2977 924 3046 XXII.
957 2981 988 3059 6,
1023 2978 1062 3044 13
1077 2986 1112 3044 ut
1146 2979 1322 3063 loquitur

180 3087 362 3144 numenta
385 3078 600 3162 loquuntur.
779 3089 1106 3149 monumentorum
1148 3091 1322 3149 veterum

224 3183 262 3251 ef.
286 3183 323 3248 de
347 3183 437 3248 domo
459 3183 511 3262 32,
541 3183 582 3246 86
611 3188 648 3245 ut
676 3200 727 3244 an·
781 3188 944 3252 concinens
966 3188 1051 3254 fides,

226 3288 313 3352 nales
338 3287 446 3376 populi
463 3285 593 3351 Romani
610 3292 640 3348 et
662 3304 728 3349 mo·

225 3400 402 3458 numenta
424 3391 615 3474 loquutur.

227 3495 278 3575 84,
301 3497 364 3564 289
824 3501 923 3580 XXX,
946 3503 976 3580 4,
1001 3503 1020 3566 5
1043 3500 1121 3584 (vid.
1145 3523 1175 3588 p.
1198 3507 1242 3589 8).

221 3599 258 3664 cl'.
283 3598 320 3664 de
344 3609 406 3686 opt.
429 3622 496 3686 gen.
522 3623 563 3668 or.
587 3602 616 3678 7,
640 3601 692 3666 22.

391 3739 522 3808 Orator.

229 3864 257 3940 1,
280 3862 301 3926 5
324 3881 380 3925 nee
395 3881 466 3926 vero
481 3861 679 3927 Aristotelem
695 3860 729 3922 in
823 3847 926 3928 XXX,
941 3850 973 3929 4,
989 3847 1008 3912 3
1026 3902 1032 3915 .
1050 3899 1056 3913 .
1074 3848 1182 3914 delinit
1196 3849 1324 3936 ampli·

184 3962 730 4050 philosophiadeterruitaseribendo
782 3953 871 4018 tudo
893 3952 1074 4020 Platonis

182 4068 394 4156 amplitudo
417 4070 605 4136 Platonis.

226 4175 256 4254 8,
278 4175 321 4242 25
337 4195 442 4240 eorum
457 4173 644 4259 religioni
661 4197 729 4239 cum
825 4161 930 4242 XXII,
953 4163 984 4243 5,
1008 4165 1029 4229 3
1047 4170 1083 4229 ut
1098 4164 1227 4247 quisque
1242 4163 1326 4227 nullo

182 4280 349 4346 serviret
369 4287 477 4347 orator.
783 4274 907 4332 vetante
929 4267 1108 4352 religioni
1124 4289 1198 4334 suae
1214 4267 1327 4331 servi·

783 4378 839 4435 ret
861 4371 1044 4458 intrepidus,

1161 4491 1194 4552 26
