3162 5124
625 335 883 436 *ἐζ*

182 539 365 604 mirabiliter
387 539 559 605 doctrinam
583 563 625 606 ex
647 564 726 606 um·
779 563 902 609 secessu
932 543 1090 624 Minervae
1121 543 1256 608 nutritus
1280 567 1322 608 ex

182 643 360 709 braculis
388 637 579 710 cruditorum
603 645 727 730 otioque
779 646 956 712 academiae
978 647 1093 731 quietis
1122 647 1320 726 umbraculis,

181 767 242 812 non
270 749 360 814 modo
391 749 422 814 in
452 749 549 816 solem
579 756 671 833 atque
693 751 726 814 in
777 773 840 816 nen
862 774 878 816 e
900 751 1030 816 militari
1057 753 1254 818 tabernaculo
1280 753 1322 818 in

182 852 388 937 pulverem,
411 855 466 919 sed
489 855 523 919 in
546 855 646 940 ipsum
664 854 726 918 dis·
777 856 971 942 pulverem
993 855 1141 920 Martium
1163 864 1286 925 tractus.

180 957 295 1022 crimen
306 958 463 1042 aciemque
475 957 632 1043 produxit.
648 959 725 1025 conf.

180 1060 218 1126 de
237 1081 282 1138 or.
300 1062 326 1140 I,
343 1065 396 1140 34,
414 1065 491 1140 1573
505 1061 591 1130 Brut
608 1066 636 1130 9.
652 1064 703 1129 dl.
722 1093 723 1100 Ι

221 1165 279 1244 ΙΙΙ,
296 1170 347 1246 14,
363 1170 405 1233 32
426 1165 509 1248 quod
525 1172 725 1250 corrumpunt
821 1167 925 1248 XXII,
940 1170 970 1247 4,
994 1171 1015 1235 2
1032 1220 1038 1233 .
1057 1167 1235 1255 plusque
1258 1194 1321 1237 ex·

179 1269 569 1355 plusque-exemplo
613 1289 724 1352 quam
778 1273 921 1357 amplis
973 1294 1083 1358 quam
1131 1276 1319 1359 peccandi

177 1380 335 1459 peceato
357 1401 358 1404 ¹
380 1384 527 1446 necent.
582 1373 726 1458 (Linden-
778 1375 903 1442 licentia
926 1377 1085 1445 laederent
1104 1379 1225 1447 multos.

177 1477 326 1562 brogius.)

820 1583 969 1664 XXVIII,
989 1592 1017 1666 1,
1037 1592 1051 1654 l
1076 1609 1114 1652 ne
1137 1588 1215 1654 forte
1234 1582 1322 1675 paria

775 1697 967 1777 temptentur
999 1692 1089 1778 plus
1123 1689 1322 1779 exemplis

776 1795 971 1878 generalibus
992 1798 1187 1876 nocitura,
1211 1818 1320 1882 quam

777 1899 907 1966 delictis.

617 2178 654 2256 o.
682 2178 877 2280 epistolae.

262 2351 392 2418 Nullum
414 2350 570 2416 Ciceronis
593 2351 708 2416 librum
730 2351 913 2416 Ammianus
934 2351 1035 2434 magis
1059 2339 1228 2417 admiratus
1250 2361 1322 2426 esses

174 2461 206 2518 et
228 2453 262 2517 in
284 2453 407 2518 deliciis
430 2454 576 2520 habuisse
597 2453 732 2531 videtur,
763 2472 855 2536 quam
878 2472 944 2514 eam
971 2451 1154 2537 epistolam,
1185 2474 1245 2537 qua
1267 2453 1316 2517 oi-

174 2578 242 2622 cero
266 2558 415 2634 Quintum
437 2558 564 2622 fratrem
587 2557 674 2622 docet
696 2556 734 2620 de
755 2555 1001 2621 administranda
1021 2556 1192 2642 provincia.
1243 2558 1317 2645 (I,l)

173 2661 300 2726 Etenim
324 2661 349 2725 si
373 2661 613 2748 amplitudinem
630 2660 729 2726 libelli
750 2659 888 2745 respicis,
911 2659 1004 2745 plura
1018 2681 1055 2724 ex
1074 2681 1109 2725 eo
1124 2662 1233 2726 hausta
1248 2683 1316 2740 esse

174 2766 328 2846 invenies,
354 2787 447 2850 quam
463 2788 501 2831 ex
517 2765 662 2832 omnibus
677 2764 747 2828 aliis
763 2763 860 2828 Tullii
875 2761 973 2831 libris.
1019 2765 1122 2829 Unum
1138 2765 1233 2851 hujus
1255 2768 1321 2853 epi-

174 2870 270 2936 stolae
294 2871 396 2936 locum
418 2871 600 2936 Ammianus
627 2869 810 2934 nominatim
839 2868 1117 2953 laudavit'terque
1146 2873 1315 2935 sententias

173 2974 245 3042 inde
261 2976 440 3062 desumptas
456 2974 593 3062 protulit.
618 2973 722 3038 Aliam
736 2980 897 3038 mutuatus
921 2981 969 3039 est
991 2974 1179 3039 sententiam
1199 2977 1318 3068 exepi-

101 3157 103 3162 .
174 3082 254 3148 stola
275 3080 314 3145 ad
337 3079 380 3145 M.
405 3081 544 3168 Brutum.
590 3078 639 3142 Ad
663 3079 803 3144 Atticum
827 3085 865 3159 et,
894 3098 972 3162 quae
994 3099 1076 3142 nuno
1105 3069 1257 3144 vocantur
1277 3081 1319 3144 'ad

176 3186 347 3251 familiares
370 3184 518 3270 epistolas
540 3183 609 3270 peri
631 3185 694 3247 lero
718 3203 791 3248 cura
812 3203 848 3246 ac
869 3182 1028 3266 diligentia
1048 3177 1216 3268 perlegisse
1231 3171 1324 3249 vide·¹

175 3299 233 3356 tor.
278 3290 347 3355 Duo
370 3289 430 3354 loci
452 3287 656 3374 epistolarum
678 3287 717 3352 ad
738 3286 915 3353 Cornelium
929 3286 1079 3373 Nepotem
1095 3290 1134 3354 ab
1150 3278 1317 3355 Ammiano

175 3394 244 3460 solo
267 3393 355 3460 nobis
379 3393 492 3458 servati
517 3400 589 3458 sunt
612 3392 775 3458 Centoras:

215 3551 257 3618 ad
279 3549 466 3618 familiares
489 3535 675 3636 norixvl.
948 3548 1146 3618 Ammianus.
1321 3607 1324 3618 .

216 3671 257 3752 ll,
280 3674 311 3752 5,
339 3678 365 3750 l,
397 3671 572 3756 ubicunque
600 3692 643 3749 es,
679 3721 718 3738 ..
814 3669 916 3750 XXX,
958 3672 1008 3749 10,
1038 3672 1059 3735 2
1092 3676 1241 3752 tanquam
1279 3672 1326 3736 in

173 3777 211 3841 in
227 3775 352 3842 eadem
367 3795 405 3840 es
421 3775 520 3843 navi.
536 3775 717 3860 (Valesius.)
771 3774 903 3840 eadem
924 3773 1017 3838 navi
1046 3773 1169 3838 loturi
1200 3775 1325 3860 pericu-¹

770 3877 880 3948 lorum.
1119 3931 1121 3940 ,

216 3983 273 4065 Ill,
303 3984 333 4061 2,
366 3989 385 4049 2
423 3984 452 4048 si
476 4037 514 4053 ..
545 4004 594 4050 res
626 3985 721 4049 verba
817 3981 932 4060 XXIX,
971 3983 1002 4063 2,
1043 3981 1081 4045 13
1113 3982 1231 4046 utinam
1262 4004 1319 4047 nee

172 4087 364 4155 desideraret
407 4109 443 4153 ao
479 4109 541 4155 non
578 4109 644 4175 pro
682 4109 720 4152 se
772 4087 860 4172 ipsa
881 4106 940 4150 res
968 4085 1192 4170 loqueretur.

173 4194 245 4280 ipsa
267 4192 491 4277 loqueretur
512 4193 573 4258 vid.
597 4214 625 4280 p.
650 4191 718 4258 Mil.

174 4297 446 4384 mmmm
