3162 5124
262 1550 474 1643 Ammiauum
490 1576 707 1640 Marcellinum
723 1575 854 1640 eximiae
871 1581 1010 1660 captasse
1026 1575 1137 1638 famam
1155 1572 1313 1638 doctrinae

177 1686 207 1743 et
228 1679 404 1742 reconditae
426 1678 459 1740 iu
481 1676 621 1759 qualibet
644 1676 744 1761 operis
767 1682 854 1760 parte
870 1674 958 1739 facile
974 1695 1009 1740 eo
1024 1674 1098 1738 licet
1113 1672 1254 1756 cognosci
1269 1677 1315 1735 at·

177 1799 235 1860 que
251 1778 391 1862 intelligi,
409 1780 489 1861 quod
500 1797 562 1841 uon
575 1775 673 1840 solum
686 1777 720 1838 in
733 1775 988 1858 digressionibus
1004 1794 1080 1856 quas
1091 1775 1176 1857 justo
1189 1771 1314 1857 saepius

176 1879 340 1955 inserebat,
365 1878 419 1941 sed
443 1877 537 1941 etiam'
560 1878 594 1939 in
617 1876 761 1940 continua
782 1896 886 1938 rerum
908 1874 1084 1938 narratione
1104 1872 1315 1958 exemplorum

170 1970 208 2042 'et
223 1977 374 2042 dictorum
388 1977 525 2060 undique
541 1984 728 2062 arrepturum
745 1976 895 2040 varietate
911 1975 999 2058 quasi
1015 1973 1204 2038 ornamentis
1220 1973 1315 2037 histo-

174 2079 252 2142 riam
275 2067 469 2159 distinguere
492 2077 643 2143 studebat.
690 2077 807 2159 Itaque,
830 2075 858 2140 si
881 2075 972 2140 laude
995 2075 1108 2158 dignus
1131 2073 1257 2157 quidem
1272 2075 1316 2138 vi-

176 2177 281 2256 detur,
312 2177 393 2260 quod
416 2185 566 2264 tempore,
598 2197 658 2259 quo
682 2175 786 2240 studia
807 2175 897 2240 nulla
918 2183 973 2240 aut
996 2175 1106 2259 exigua
1128 2175 1225 2238 luisse
1250 2174 1317 2259 ipse
1354 2211 1356 2215 ·

174 2278 353 2365 testatur*),
383 2279 505 2360 iugenio
535 2277 710 2341 liberalium
738 2276 947 2349 doctrinarum
975 2271 1128 2340 institutis
1150 2274 1317 2344 excolendo

177 2399 303 2464 operam
327 2379 413 2444 dedit
435 2392 467 2443 et
491 2377 652 2443 sententiis
676 2398 714 2440 ex
737 2384 876 2442 veterum
907 2382 1069 2442 auctomm
1095 2375 1184 2441 libris
1212 2375 1318 2460 petitis

177 2478 361 2560 aequalibus
384 2479 416 2541 in
440 2487 574 2542 mentem
602 2477 774 2555 revocabat,
800 2478 987 2560 quantavis
1010 2476 1051 2540 sit
1073 2477 1106 2540 iu
1129 2476 1323 2559 antiquitatis

178 2577 387 2641 monumentis
410 2577 449 2640 ad
470 2577 681 2641 informandos
707 2577 825 2640 animos
841 2584 872 2640 et
892 2575 1101 2661 expoliandos
1127 2585 1243 2660 quanta
1258 2575 1324 2640 dul·
1434 2585 1436 2590 '

179 2677 252 2741 cedo
269 2677 308 2740 ad
324 2677 531 2754 delectandos
550 2685 654 2743 tamen
672 2678 893 2764 quaerentibus
908 2678 1007 2756 nobis,
1024 2677 1136 2760 quibus
1152 2677 1184 2740 in
1197 2677 1324 2762 scripto-

173 2769 266 2843 'ribus
289 2779 433 2864 inprimis
456 2779 641 2844 Ammianus
667 2779 770 2844 studia
792 2779 998 2859 collocaverit,
1022 2786 1109 2844 caute
1131 2779 1324 2863 progredien-

183 2879 255 2942 dum
279 2885 337 2958 est,
361 2879 443 2961 quod
466 2879 531 2942 fieri
560 2901 622 2944 non
654 2880 769 2966 potuit,
799 2879 886 2962 qaia,
918 2899 979 2963 quo
1013 2879 1129 2945 doctior
1160 2879 1325 2958 videretur,

182 2976 318 3043 libenter
341 2999 376 3044 ex
400 2978 472 3042 aliis
489 3000 540 3044 eos
557 2981 742 3044 exscriberet
764 2980 855 3058 locos,
879 2981 910 3042 in
927 2981 1039 3062 quibus
1054 2979 1184 3044 aliorum
1200 2980 1326 3065 scripto-

181 3100 249 3142 rum
275 3077 359 3143 dicta
380 3079 553 3145 laudantur.
1113 3163 1114 3166 Ἴ

273 3181 434 3258 Auctores,
457 3201 587 3262 quorum
604 3180 773 3245 sententiae
790 3180 839 3246 vel
856 3179 937 3246 dicta
951 3185 1171 3260 memorantur,
1191 3180 1224 3244 hi
1240 3187 1327 3244 sunt:

188 3281 397 3362 Anaxagorae,
419 3279 660 3359 Anaximander,
684 3280 895 3364 Bacchylides,
920 3283 1040 3362 Caesar,
1064 3281 1138 3347 Cato
1154 3281 1328 3361 Censorius,

187 3379 300 3458 Cicero,
324 3379 530 3460 Democritus,
559 3379 789 3455 Demosthenes
821 3379 975 3465 Didymus
1001 3381 1227 3462 Chalcenterus
1257 3381 1329 3467 Epi-

186 3498 288 3560 curus
311 3480 542 3559 Eratosthenes,
574 3481 751 3562 Euctemon,
777 3483 912 3568 Gorgias,
939 3484 1120 3563 Hecataeus,
1143 3483 1330 3562 Heraclitus,
1441 3561 1444 3568 ¹

188 3577 383 3664 Hermapion,
407 3581 594 3659 Herodotus
619 3582 783 3662 Hesiodus,
806 3583 1013 3671 Hipparchus
1037 3585 1200 3662 Homerus,
1217 3586 1331 3650 Isocra-

189 3685 245 3756 tes,
269 3677 360 3758 Juba,
384 3680 561 3761 Menander,
584 3681 699 3761 Meton,
723 3683 817 3762 Plato,
842 3685 981 3762 Plautus,
1002 3684 1208 3764 Ptolemaeus
1230 3685 1331 3750 Sallu-

190 3777 279 3854 stius,
308 3778 491 3860 Simonides,
515 3782 687 3864 Terentius,
711 3783 876 3866 Theognis,
901 3784 1108 3868 Thucydides,
1138 3785 1330 3869 Timagenes,

191 3877 303 3958 TisiaS,
326 3878 491 3961 Vergilius.
522 3882 650 3947 Praeter
664 3905 715 3948 eos
732 3893 868 3949 auctores
884 3886 1030 3948 citantur:
1054 3889 1170 3970 politae,
1187 3887 1331 3970 theologi,

189 3977 377 4064 philosophi,
401 3979 524 4060 medici,
549 3982 704 4048 Gallorum
727 3985 890 4070 scriptores
905 3992 1034 4065 veteres,
1056 3987 1190 4071 physici,
1212 4009 1333 4072 geogra-

189 4078 257 4162 phi,
282 4086 467 4144 scrutatores
490 4101 650 4146 causarum
673 4083 938 4169 intellegibilium,
962 4086 1102 4165 annales,
1135 4095 1332 4152 monumenta

277 4292 300 4354 *l
318 4292 443 4356 conferas,
470 4307 535 4358 quae
563 4292 595 4345 de
622 4294 736 4346 moribus
764 4299 790 4347 ot
808 4295 901 4348 studiis
926 4297 1070 4368 aequalium
1094 4299 1199 4354 dissent
1216 4299 1287 4364 XIV,
1306 4303 1331 4354 a.

189 4373 315 4441 XXVIII,
333 4377 359 4428 4.
378 4375 466 4440 ΧΧΧ,
486 4378 509 4430 4.
1125 4456 1140 4506 l
