3162 5124
749 342 788 406 13

638 419 894 438 ffl-J--m

196 530 351 618 praeclare
381 531 437 595 hcc
468 550 588 614 quoque
617 530 738 594 utalia

200 634 334 713 Tullius,
385 634 472 718 signa
516 634 739 715 ostenduntur‚‘
837 634 874 698 de
896 641 958 710 nat.
989 634 1017 700 d.
1048 635 1087 713 ΙΙ,
1117 639 1148 713 4,
1181 636 1220 699 12
1250 635 1337 718 signa

198 740 254 819 ait,
287 759 315 817 ‚a
345 737 393 803 dis
422 760 523 802 rorum
554 740 740 817 futurarum3
794 737 997 803 ostenduntur
1018 760 1037 803 a
1059 739 1107 802 dis
1132 761 1234 804 rerum
1253 741 1336 804 futu-

200 843 233 906 in
264 842 325 922 his,
355 841 457 925 siqui
488 843 649 923 erraverit,
681 864 741 908 non
795 863 913 922 rarum3
937 842 970 906 in
991 843 1041 908 his
1064 845 1090 908 si
1112 844 1164 927 qui
1180 844 1337 925 erraverit,

199 946 326 1010 deorum
353 954 471 1024 natura,
501 946 556 1011 sed
582 947 742 1012 hominum
796 967 856 1011 non
880 946 1007 1012 deorum
1028 953 1138 1012 natura
1160 947 1338 1016 sedhomi-

198 1053 375 1134 conjectura
400 1051 547 1136 peccavit‘
797 1072 872 1116 num
889 1055 1063 1137 conjectura
1076 1053 1222 1138 peccavit.
1259 1053 1337 1118 conf.

794 1155 1128 1237 QQEQQ

283 1278 415 1342 Restant
437 1283 583 1360 quattuor
606 1277 663 1343 loci
688 1277 826 1341 Tulliani
856 1281 895 1343 ab
925 1278 1090 1343 Ammiano
1120 1277 1252 1357 laudati,
1284 1279 1338 1363 qui

198 1381 274 1445 adeo
298 1403 360 1445 non
383 1382 563 1446 cohaereant
586 1403 655 1471 cum
677 1383 850 1446 narratione
873 1383 1032 1461 continua,
1063 1390 1183 1448 utnon
1205 1382 1244 1447 ad
1272 1405 1339 1448 sen-

198 1486 327 1550 tentiam
350 1486 531 1550 firmandam
555 1486 649 1566 allati,
673 1487 726 1550 sed
743 1486 841 1550 solum
859 1486 1014 1552 doctrinae
1030 1487 1231 1552 ostentandae
1247 1509 1339 1553 causa

199 1590 337 1655 arcessiti
368 1611 434 1654 esse
465 1591 553 1654 facile
583 1591 816 1673 intellegantur:
847 1591 947 1666 XXII,
972 1594 1000 1670 7,
1029 1591 1049 1656 3
1080 1591 1242 1657 lulianum
1265 1593 1338 1656 Am·

199 1695 321 1759 mianus
344 1695 513 1781 vituperat,
546 1694 628 1780 quod
651 1695 768 1760 nimius
798 1697 892 1761 fuerit
922 1703 1059 1781 captator
1089 1696 1206 1780 gloriae
1235 1697 1338 1760 inanis

203 1800 430 1884 „praeclarique
453 1800 537 1863 illius
561 1801 636 1865 dicti
658 1801 820 1864 immemor
843 1799 991 1880 Tulliani,
1020 1822 1080 1885 quc
1103 1801 1182 1865 tales
1205 1801 1338 1868 notando

201 1905 245 1968 aa
266 1905 417 1984 ferarum,
448 1904 509 1990 ipsi
531 1905 578 1968 aa
601 1905 778 1991 philosopha
802 1908 896 1981 arram
919 1906 952 1968 in
976 1905 1026 1969 us
1054 1905 1164 1985 liaris,
1194 1926 1271 1990 quos
1301 1905 1339 1970 aa

204 2009 427 2074 contemnenda
449 2009 547 2092 gloria
568 2009 718 2088 scribunt,
742 2031 852 2074 nomen
876 2031 967 2074 suum
991 2011 1175 2090 inscribunt,
1197 2021 1234 2076 ut
1255 2010 1286 2074 in
1303 2031 1339 2075 eo

200 2115 283 2200 ipsc,
307 2135 366 2198 quo
389 2114 646 2201 praedicationem
670 2115 928 2198 nobilitatemque
952 2115 1138 2201 despiciunt,
1170 2115 1339 2202 praedicari

200 2219 238 2282 de
261 2240 294 2283 se
317 2240 352 2283 ac
375 2240 407 2282 se
430 2219 581 2282 nominari
604 2219 731 2284 velint.“
769 2220 825 2304 (2.-
849 2242 878 2305 p.
902 2221 995 2284 Arch.
1021 2222 1071 2299 11,
1093 2221 1133 2284 26
1151 2220 1188 2287 cf.
1206 2220 1297 2286 Tunc.
1314 2221 1338 2298 Ι,

202 2326 252 2401 15,
274 2324 339 2407 34.)

292 2447 359 2511 Sibi
387 2448 445 2532 ipsi
481 2446 575 2511 misso
611 2468 680 2512 curn
710 2446 851 2512 Ursicino
887 2447 925 2510 ad
956 2447 1192 2532 opprimendam
1223 2447 1341 2511 Silvani

204 2550 385 2614 seditionem
410 2573 529 2615 suntme
553 2552 586 2614 iu
609 2551 742 2637 periculo
766 2551 952 2615 sententiam
970 2550 1146 2615 Tullianam
1164 2550 1277 2616 solacio
1295 2551 1341 2616 lu·

203 2651 265 2714 isse
281 2651 464 2716 Ammianus
485 2653 644 2716 confitetur
660 2652 728 2730 XV,
753 2655 784 2730 5,
807 2655 874 2747 23².
888 2652 1099 2731 „mirabamur
1119 2651 1204 2716 illam
1221 2659 1340 2716 seuten-

202 2756 279 2820 tiam
304 2755 479 2821 'l'ullianam
502 2779 539 2820 er
561 2757 693 2821 internis
717 2756 856 2820 veritatis
880 2756 979 2841 ipsius
1002 2755 1239 2842 promulgatam,
1263 2777 1341 2840 quae

204 2871 251 2924 est
273 2861 361 2925 talis:
393 2869 445 2941 „et
468 2882 654 2944 quamquam
680 2861 907 2946 optatissimum
939 2867 986 2925 est
1014 2869 1162 2946 perpetuo
1186 2863 1340 2926 fortunam

203 2986 295 3048 quam
320 2966 571 3031 florentissimam
592 2986 782 3051 permanere,
806 2973 911 3031 tamen
926 2965 984 3029 illa
999 2965 1243 3052 aequabilitas*)
1260 2967 1341 3030 vitae

205 3092 266 3134 nou
290 3078 410 3134 tanturn
433 3070 527 3134 habet
550 3091 685 3150 sensum,
709 3065 952 3153 quantumseum
976 3092 1012 3134 ex
1037 3071 1139 3135 saevis
1162 3078 1193 3135 et
1212 3071 1341 3156 perditis

203 3177 295 3239 rebus
318 3174 357 3238 ad
379 3175 539 3239 meliorem
563 3183 678 3239 statum
694 3175 817 3239 fortuna
832 3180 1022 3240 revocatur.“
1056 3176 1174 3258 (fragm.
1192 3175 1340 3241 incertum

205 3279 243 3342 ad
266 3280 379 3345 librum
405 3278 557 3362 quendam
572 3279 619 3344 de
641 3301 705 3365 rep.
729 3280 821 3362 vulgo
845 3279 1002 3362 relatum.)

290 3403 335 3466 De
371 3402 486 3466 Isauris
519 3401 747 3466 incursionibus
781 3423 870 3486 agros
902 3410 1022 3466 vastare
1055 3401 1210 3468 Romanos
1241 3403 1342 3468 solitis

204 3506 286 3580 xlv,
312 3510 341 3585 2,
366 3510 385 3572 2
408 3507 482 3570 baec
506 3507 594 3572 dicit:
619 3513 744 3589 „atqua
768 3513 802 3570 ut
825 3505 947 3570 Tullius
970 3506 1024 3584 ait,
1049 3513 1083 3570 ut
1106 3507 1200 3570 etiam
1224 3508 1341 3572 bestiae

208 3613 289 3676 lame
311 3611 447 3676 monitae
469 3611 649 3698 plerumque
672 3612 711 3675 ad
735 3632 805 3675 eum
829 3610 942 3690 locum,
972 3611 1027 3674 ubi
1049 3610 1214 3693 aliquando
1237 3621 1343 3698 pastae

205 3723 287 3793 sunt,
311 3722 516 3782 revertuntur.
543 3768 549 3781 .
574 3765 581 3780 .
607 3721 625 3752 ‘⁶
650 3717 695 3802 (p.
719 3717 840 3781 Cluent.
864 3703 916 3796 25,¹
939 3717 1005 3803 67.)

293 3819 453 3884 lulianum
476 3821 694 3906 imperatorem
718 3821 803 3900 XVI,
830 3825 856 3898 1,
880 3824 900 3884 5
922 3819 972 3884 his
995 3818 1081 3884 effert
1103 3819 1262 3886 laudibus:
1290 3828 1344 3900 „et

206 3925 360 4007 quoniam,
379 3932 412 3989 ut
426 3925 574 3989 Tulliana
589 3925 676 3989 docet
691 3925 864 4006 auctoritas,
882 3923 1020 3988 omnium
1035 3945 1213 4008 magnarum
1230 3925 1342 3990 artium

205 4030 284 4092 sicut
299 4031 445 4095 arborum
461 4029 594 4094 altitudo
610 4051 666 4093 nos
682 4029 824 4108 delectat,
848 4028 964 4092 radices
980 4029 1152 4114 stirpesque
1168 4050 1230 4093 nou
1246 4031 1342 4092 item“

205 4145 313 4210 (==or.
336 4134 386 4211 43,
418 4136 490 4215 111)
522 4133 568 4196 sio
598 4132 773 4218 praeclarae
803 4134 893 4216 hujus
923 4133 1036 4196 indolis
1067 4133 1241 4197 rudimenta
1269 4141 1344 4197 tunc

205 4293 516 4303 Ἣ

292 4380 316 4448 *)
336 4383 372 4434 sic
391 4381 468 4446 vulgo
487 4380 588 4447 legitur.
624 4379 857 4448 Eyssenhardtius:
878 4377 1061 4448 „aequalitaa“
