3162 5124
261 513 317 577 pro
339 491 372 560 P.
397 490 536 568 Quinctio
587 495 590 506 ¹

260 596 293 659 in
315 595 444 660 Verrem
466 593 656 660 astioneml
740 640 743 648 .

261 721 313 784 qro
336 699 375 765 M.
399 698 503 763 Tullio

257 804 306 866 III
328 804 365 868 de
388 803 454 888 lege
476 803 598 886 agraria
621 809 728 867 contra
750 803 783 867 P.
808 803 973 868 Servilium
998 803 1122 866 Rullum

258 929 311 994 pro
333 909 369 975 L.
393 907 498 972 Flaoeo

256 1020 327 1098 post
348 1012 482 1078 reditum
505 1013 538 1076 in
561 1018 669 1077 senatu

257 1116 294 1182 de
316 1117 408 1181 domo
431 1138 487 1181 sua
509 1095 559 1180 ad¹
571 1115 730 1202 pontifices

260 1221 297 1286 de
319 1221 520 1307 haruspicum
544 1241 691 1306 responso

254 1326 287 1390 in
309 1325 472 1390 Vatinium
493 1332 606 1390 testem
627 1324 901 1408 interrogationem

255 1452 310 1520 pro
335 1429 457 1495 Plancio
963 1431 965 1436 ’

212 1597 214 1602 .
259 1559 314 1624 pro
338 1539 367 1602 6.
391 1535 519 1601 Rabirio
542 1540 685 1620 postumo

256 1664 308 1728 pro
332 1642 367 1718 Q.
390 1639 512 1726 Ligario

167 1748 303 1828 habitas
348 1766 479 1830 quarum
503 1745 564 1808 fere
587 1743 673 1808 nulla
696 1742 826 1826 vestigia
848 1743 942 1807 iniis
966 1743 1019 1826 qui
1043 1751 1210 1829 supersunt
1231 1743 1320 1832 libris

169 1851 400 1938 deprehendero
424 1849 520 1934 potui.

256 1957 301 2020 Ex
332 1954 460 2038 reliquis
495 1953 702 2029 orationibus,
741 1973 819 2036 quae
851 1973 908 2016 sua
940 1952 1054 2029 lecerit,
1092 1951 1167 2015 haee
1209 1951 1318 2017 doceat

167 2060 289 2232 ampliz·
305 2147 334 2213 s·
358 2147 477 2214 Rom,
502 2145 654 2211 Amerino
953 2144 1138 2210 Ammianus

210 2307 260 2371 22.
284 2305 323 2368 61
350 2357 357 2370 ,
383 2355 390 2370 .
414 2300 498 2386 quod
521 2307 646 2387 putares
668 2300 718 2364 hic
816 2297 900 2380 XIV,
924 2303 954 2378 9,
979 2273 1257 2365 5latrooinium
1280 2271 1321 2363 il-

165 2407 413 2472 latrocinium
435 2427 509 2471 non
529 2404 721 2490 judioium
775 2403 829 2468 lud
851 2425 921 2468 non
949 2401 1145 2488 judicium
1176 2405 1319 2472 olamans

165 2531 314 2594 futurum.

117 2642 120 2648 '
171 2724 176 2736 1
210 2636 262 2712 30,
286 2631 328 2698 85
349 2630 400 2698 vel
415 2631 497 2717 apud
516 2631 720 2698 Cassianos
816 2630 929 2711 XXVI,
949 2581 1057 2710 10,10
1068 2595 1257 2713 Catonianae
1269 2632 1320 2695 vel
1411 2715 1413 2720 ,

133 2767 136 2774 ·
166 2736 311 2804 ludices
329 2735 389 2800 vid.
404 2735 490 2824 Varr.
507 2735 563 2813 ΙΙΙ,
588 2738 638 2812 62,
659 2735 719 2802 146
773 2735 976 2802 Cassianae
988 2735 1158 2800 sententiae
1170 2735 1238 2800 Iuoo
1253 2757 1321 2822 per·

168 2846 210 2926 (p.
227 2842 290 2917 23.)
628 2897 629 2904 ,
772 2841 821 2906 liti
841 2839 977 2906 resident
993 2839 1158 2923 judices.

101 3007 105 3016 ¹
219 2997 283 3064 pro
308 2980 342 3054 Q.
367 2980 488 3048 Rosoio
511 2980 663 3046 oomoedo
784 3059 787 3068 ⁶
909 3039 921 3052 ,

209 3104 240 3181 4,
266 3105 303 3168 11
338 3100 414 3186 quid
447 3108 496 3166 esi
521 3100 716 3186 injudicio?
812 3100 946 3180 XXVII,
960 3103 1009 3178 11,
1027 3102 1045 3165 6
1061 3098 1105 3165 ita
1115 3101 1322 3186 implacabilis

167 3207 359 3271 directum
390 3226 551 3290 asperum,
581 3205 713 3290 simplex
769 3211 800 3270 et
822 3205 1025 3272 directus„

167 3310 436 3394 (lindenbrogius)

211 3432 240 3508 8,
263 3434 306 3498 24
328 3432 378 3497 dio
397 3453 479 3496 nuno
500 3438 531 3496 te
547 3432 586 3495 ab
606 3431 715 3497 Roscio
810 3431 915 3511 XXX,
930 3432 961 3513 4,
977 3434 1015 3497 13
1027 3429 1146 3516 judicia
1161 3430 1320 3495 eircum-

167 3533 221 3600 HS
253 3539 342 3604 1000
374 3537 715 3623 circumscriptum
768 3535 954 3610 scribunt,

167 3660 243 3706 esse.
260 3639 471 3729 (Wagnerus.)
483 3642 520 3708 ef.
531 3641 613 3708 Phil.
624 3642 712 3722 XIV,

169 3745 197 3820 3,
222 3745 254 3828 7;
277 3743 370 3808 Aoad.
395 3745 435 3825 Η,
460 3748 509 3824 15,
533 3747 584 3810 46.

203 3883 238 3948 in
261 3882 297 3956 Q.
320 3869 496 3950 Gaeoiliun
519 3885 683 3953 munatio
964 3948 967 3954 .

209 4024 299 4099 4,11
325 4019 500 4087 Siculorum
516 4022 640 4089 domos
658 4044 712 4088 ex·
765 3990 768 3997 Ι
808 4021 928 4104 XXVI,
952 4025 982 4100 8,
1008 4025 1048 4089 13
1061 4022 1157 4108 jussit
1176 4023 1319 4089 domum

166 4125 712 4209 inanissedieitur.of.Verr.III,
764 4127 950 4192 exinaniri
980 4129 1055 4194 soni.
1086 4127 1189 4206 XVII,
1221 4131 1251 4206 2,
1285 4134 1320 4212 1,

166 4234 218 4310 50,
244 4230 319 4306 119;
343 4230 380 4312 V,
396 4233 448 4312 25,
473 4233 529 4312 64;
554 4232 591 4297 de
611 4233 630 4296 l.
653 4253 713 4318 agr.
767 4229 859 4311 XIX,
874 4231 905 4310 5,
923 4232 956 4312 53
979 4232 1096 4312 XXIV,
1112 4235 1142 4310 3,
1160 4233 1194 4310 5;
1217 4231 1318 4312 XXV,

181 4334 206 4415 Ι,
231 4335 283 4414 27,
306 4335 364 4415 72;
387 4335 421 4398 in
442 4335 502 4404 Pis.
526 4337 579 4416 40,
601 4335 654 4414 96,
768 4337 800 4416 2,
823 4338 860 4422 6,
881 4334 981 4416 XXX,
1005 4337 1034 4414 8,
1058 4339 1087 4402 8.
