3162 5124
830 282 871 346 28

302 488 339 554 de
364 487 546 572 provinciis
570 487 810 554 consularibus.

325 595 355 668 3,
408 594 430 658 5
478 599 678 676 posteaquam
728 591 826 658 nihil
922 591 1027 671 XVII,
1042 596 1204 676 3,5quae
1228 592 1334 656 nulla
1356 614 1426 678 sup-

282 696 455 782 oxprimere
506 698 545 762 ab
599 696 825 780 egentibus,
879 694 976 781 plicia
999 697 1124 780 egenis
1147 703 1273 785 possent
1295 697 1426 762 hemini-

282 799 371 865 nulla
385 800 419 865 vi
433 821 452 864 a
467 800 589 866 miseris
604 807 827 884 extorquere
881 800 938 864 bus
960 806 1195 884 extorquere.

281 905 415 991 potuit.

369 1044 430 1110 pro
454 1025 608 1094 cornelio
632 1026 746 1093 Balbo.

324 1135 354 1211 6,
381 1133 420 1198 15
443 1151 522 1215 quae
544 1151 600 1196 nes
623 1131 695 1196 libri
719 1130 829 1196 docent
922 1132 1027 1212 XXV,
1041 1134 1071 1212 3,
1091 1134 1127 1198 17
1152 1153 1221 1196 cum
1243 1133 1426 1198 inumbra

281 1235 470 1302 inumbra
497 1241 589 1319 atque
602 1235 637 1324 in
653 1236 725 1300 otio.
764 1233 825 1298 vid.
880 1241 909 1300 et
930 1235 1050 1320 angulis
1073 1237 1259 1302 amandaret.

282 1340 319 1405 de
353 1360 396 1408 or.
428 1341 453 1419 Ι,
489 1345 538 1419 13,
569 1341 610 1406 57
642 1346 682 1426 (p.
717 1341 768 1416 17)
798 1362 826 1424 p.

282 1444 389 1510 Flacco
412 1448 443 1524 2,
466 1447 497 1514 5.

327 1551 376 1627 14,
404 1549 446 1614 32
476 1549 503 1614 si
531 1569 628 1633 neque
655 1548 826 1613 Poenorum
922 1551 1030 1631 XXX,
1046 1552 1077 1630 4,
1096 1551 1136 1615 12
1151 1550 1193 1630 hi,
1211 1555 1247 1613 ut
1261 1549 1357 1627 altius
1382 1551 1425 1613 vi-

276 1655 363 1736 jura
383 1654 510 1720 calles.
879 1654 1086 1739 deanturjura
1109 1652 1257 1720 callere.

327 1759 376 1838 15,
399 1760 442 1826 34
464 1759 525 1824 duo
549 1758 708 1823 fulmina
729 1755 826 1824 nostri
921 1758 1041 1838 XXIV,
1066 1760 1154 1837 c,14
1175 1756 1426 1842 longaeloquan-

280 1863 400 1949 imperii
438 1864 491 1930 On.
521 1871 552 1928 et
577 1863 610 1930 P.
634 1860 825 1946 Scipiones*)
879 1871 930 1928 tur
952 1869 1069 1930 aetates
1093 1861 1268 1946 Sophanem
1292 1870 1323 1928 et
1338 1864 1422 1930 Ami-

281 1967 489 2053 (Waguerus).
878 1968 961 2032 niam
977 1974 1009 2033 et
1019 1966 1240 2031 Callimachum
1256 1973 1288 2032 et
1304 1969 1419 2053 Gynae-

878 2071 989 2155 girum,
1021 2071 1210 2137 Medicorum
1240 2073 1275 2136 in
1298 2073 1421 2138 Graecia

324 2195 375 2272 37,
429 2197 467 2260 61
529 2193 571 2257 in
629 2193 827 2277 angustiis
879 2175 1034 2240 fulmina
1056 2175 1113 2239 illa
1136 2176 1295 2245 bellorum.

280 2297 417 2362 aerarii
440 2297 500 2366 vid.
517 2298 600 2364 Verr.
616 2298 671 2377 ΙΙΙ,
696 2300 746 2377 78,
765 2300 826 2365 182
921 2279 1009 2358 XIV,
1047 2282 1078 2360 8,
1119 2284 1157 2348 15
1202 2282 1241 2346 ob
1282 2278 1421 2344 aerarii

282 2416 326 2486 tp.
350 2403 416 2487 23),
879 2384 975 2449 nostri
997 2385 1204 2468 angustiae.

330 2526 364 2589 iu
387 2523 596 2608 calpurnium
618 2523 778 2592 Pirenen.

324 2627 471 2706 2,5tela
490 2629 652 2692 intenta
669 2627 824 2713 jugulis
920 2609 1043 2688 XXIX,
1074 2613 1103 2686 6,
1131 2613 1170 2678 12
1198 2611 1329 2695 jugulo
1354 2615 1421 2695 ejus

282 2731 824 2818 evaeus.caecutirent).
877 2714 1033 2780 intenti.

901 2818 1037 2898 XXXI,
1074 2819 1123 2896 10,
1158 2820 1196 2885 17
1227 2820 1419 2884 intentum

871 2922 1020 3006 jugulis
1044 2923 1119 2990 suis.
1391 2981 1393 3000 2

327 3029 434 3106 10,12
456 3049 495 3091 ne
517 3035 585 3095 tum
606 3028 731 3114 quidem
755 3028 790 3093 fo
798 3050 824 3091 r·
919 3026 1314 3112 XXIV,8,131gnorans,
1338 3026 1422 3110 quod

280 3138 389 3213 tunae
425 3139 544 3198 rotam
583 3132 824 3219 pertimescebat.
877 3131 979 3215 quivis
996 3132 1105 3198 beatus
1128 3152 1217 3196 versa
1243 3131 1328 3196 rota
1350 3130 1424 3195 For·

281 3236 489 3320 (Wagnerus).
876 3244 986 3300 tunae
1017 3243 1088 3301 ante
1121 3257 1283 3322 vesperum
1317 3244 1421 3321 potest

232 3335 233 3338 ¹
877 3361 944 3405 esse
965 3341 1169 3406 miserrimus

918 3443 1042 3523 XXXI,
1070 3449 1097 3521 1,
1123 3448 1139 3511 l
1165 3444 1348 3510 Fortunae
1371 3467 1423 3509 vo·

879 3549 975 3613 lucris
997 3556 1087 3616 rota

324 3657 376 3736 24,
393 3658 434 3724 57
452 3663 517 3722 erat
537 3655 691 3739 angusti
710 3656 826 3720 animi
923 3652 1043 3732 XVIII,
1058 3656 1089 3732 5,
1107 3655 1127 3720 6
1147 3652 1237 3719 hemo
1261 3654 1347 3740 parvi
1369 3673 1423 3718 an·

280 3767 372 3844 atque
398 3760 535 3828 demissi.
578 3759 642 3825 vid.
667 3759 777 3826 decli.
801 3760 827 3839 l,
879 3757 1206 3841 gustiqueenimi.
1322 3789 1324 3794 .

280 3865 332 3941 20,
355 3866 396 3931 68
421 3871 462 3950 (p.
485 3868 545 3940 36).

922 3949 1010 4030 XIX,
1049 3953 1098 4028 12,
1138 3949 1157 4013 5
1196 3948 1251 4034 qui
1286 3955 1321 4014 ut
1359 3957 1426 4013 erat

880 4055 1033 4138 angusti
1056 4053 1196 4141 pectoris.

349 4213 374 4283 ⁸)
401 4218 467 4272 conf.
492 4216 572 4286 Verg.
592 4217 655 4271 Aen·
673 4216 717 4283 Vl,
744 4215 797 4272 843
815 4257 822 4271 .
840 4255 847 4270 .
866 4254 871 4265 .
891 4257 897 4271 .
916 4255 923 4270 .
940 4219 987 4269 aut
1009 4215 1127 4283 geminos
1151 4213 1202 4270 dne
1229 4213 1338 4266 fulmina
1364 4213 1425 4265 belli

282 4303 428 4373 Scipiadas.
