3162 5124
742 349 848 424 11ν

196 551 277 634 quod
300 552 439 635 perfugas
461 549 615 616 militibus
638 549 819 614 occidendos
847 549 979 614 dederit:
1018 550 1220 627 „Tullianum
1251 549 1332 614 illud

195 651 371 731 advertens,
404 651 485 734 quod
509 650 652 714 saluteris
674 650 761 734 vigor
784 650 878 715 vincit
899 651 1023 714 inanem
1046 651 1178 736 speciem
1200 651 1331 716 clemen-

195 753 286 820 tiaef‘
312 759 365 826 (=
380 751 419 814 ad
441 750 525 816 Brut.
551 751 576 830 I,
591 754 621 829 2,
638 751 682 831 5.)

281 868 379 948 XXX,
395 871 416 932 4
437 869 620 934 Ammianus
641 871 678 933 de
694 869 847 954 proposito
864 869 1040 952 digrediens
1057 871 1191 954 exponit,
1219 875 1334 953 quanta

195 970 309 1034 fuerint
331 969 514 1052 indignitate
536 969 675 1035 advocati
698 971 731 1032 in
753 970 870 1034 oriente
886 970 1081 1054 meximeque
1102 971 1135 1034 in
1160 991 1211 1035 eos
1233 970 1334 1034 invec-

195 1077 254 1149 tae,
278 1071 332 1152 qni
354 1071 445 1134 malis
468 1071 588 1136 artibus
607 1070 747 1154 judicum
770 1070 864 1133 iidem
888 1091 993 1155 capere
1016 1069 1176 1150 studeant,
1197 1071 1243 1135 ita
1266 1093 1334 1156 per-

195 1171 239 1254 git
259 1170 360 1250 XXX,
377 1173 408 1250 4,
427 1173 466 1236 10
489 1173 620 1249 „horum
643 1170 848 1236 obstinatione
870 1171 1046 1236 libertatem
1070 1171 1236 1250 temeritas,
1265 1191 1335 1236 eon-

196 1272 341 1334 stantiam
365 1270 494 1338 andacia
508 1291 662 1356 praecepa,
686 1270 890 1354 eloquentiam
911 1271 1010 1335 inanis
1028 1271 1178 1354 quaedam
1192 1271 1334 1336 imitatur

195 1371 321 1435 fluentia
343 1371 503 1453 loquendi:
528 1389 656 1453 quarum
680 1371 794 1436 artium
818 1372 992 1452 scaevitate,
1016 1380 1049 1436 ut
1068 1370 1194 1436 Tullius
1209 1370 1334 1440 adseve-

195 1478 252 1550 rat,
284 1471 370 1535 nefas
402 1479 451 1535 est
472 1471 655 1554 religionem
678 1470 777 1557 decipi
812 1471 991 1556 judicantia
1015 1473 1059 1538 ait
1088 1472 1181 1551 enim,
1205 1493 1334 1555 cumque

195 1571 275 1634 nihil
298 1577 362 1636 tam
385 1572 596 1658 incorruptum
619 1593 685 1636 esse
708 1572 819 1638 debeat
840 1573 872 1636 in
905 1572 1072 1658 republica,
1106 1593 1198 1656 quam
1230 1573 1335 1636 sutfra-

196 1672 294 1753 gium,
328 1692 420 1754 quam
443 1672 609 1748 sententia,
633 1693 694 1737 non
716 1672 868 1756 intelligo,
893 1694 957 1752 cur,
982 1673 1037 1755 qui
1061 1694 1097 1738 ea
1118 1673 1249 1758 pecunia
1271 1695 1334 1738 eor·

197 1773 326 1857 ruperit,
349 1795 447 1858 poena
469 1772 580 1858 diguus
603 1774 657 1851 sit,
690 1774 745 1856 qui
768 1773 966 1857 eloquentia,¹
985 1773 1109 1838 laudem
1131 1775 1225 1838 etiam
1246 1774 1334 1839 ferat.

196 1859 272 1922 mihi
295 1859 421 1942 quidem
444 1861 501 1924 hoe
523 1861 593 1947 plus
616 1859 691 1924 mali
713 1862 811 1924 lacere
835 1860 972 1938 videtur,
1005 1861 1061 1944 qui
1082 1861 1220 1926 oratioue
1243 1881 1334 1944 quam

195 1961 246 2042 qui
271 1959 367 2044 pretio
386 1959 523 2044 judicem
546 1961 721 2046 corrumpit,
745 1961 826 2044 quod
842 1961 1184 2047 pecuniacorrumpere
1207 1961 1337 2046 pruden-

195 2069 255 2124 tem
279 2081 367 2124 uemo
389 2067 501 2147 potest,
526 2059 655 2126 dicendo
678 2063 813 2147 potest!“
838 2063 890 2144 (ex
914 2061 1002 2144 frgm.
1028 2061 1065 2126 de
1087 2084 1149 2147 rep.
1166 2062 1204 2140 V,
1222 2065 1252 2142 9,
1271 2065 1335 2147 11.)

282 2179 401 2242 Deinde
423 2181 607 2244 Ammianus
630 2203 667 2244 ex
691 2180 845 2245 Ciceronis
868 2179 958 2244 libris
981 2179 1087 2244 hausit
1114 2180 1265 2263 quaedam
1299 2180 1337 2243 de

196 2283 345 2367 eligendis
369 2285 474 2349 amicis
497 2292 670 2370 praecepta,
694 2292 733 2364 et,
756 2292 792 2349 ut
808 2283 1007 2349 vehementer
1025 2306 1077 2348 eos
1094 2285 1257 2370 vituperat,
1282 2286 1337 2368 qni

196 2389 290 2472 etiam
306 2389 340 2452 in
363 2390 499 2453 amicitia
522 2391 625 2454 emnia
647 2390 687 2453 ad
709 2411 797 2454 suam
820 2391 953 2454 referant
976 2388 1155 2468 utilitatem,
1176 2389 1336 2473 (XXVlII,

198 2497 228 2571 6,
252 2493 292 2556 24
315 2525 358 2546 =
381 2494 418 2556 de
441 2515 501 2557 am.
525 2497 576 2573 21,
602 2497 653 2572 79)
675 2495 718 2558 ite
739 2496 943 2578 imperatores
965 2501 1035 2558 ante
1058 2500 1174 2558 ceteros
1198 2495 1337 2560 cautissi-

71 2647 74 2654 .
198 2613 265 2658 mos
289 2613 356 2656 esse
379 2593 489 2658 debere
513 2593 587 2658 dicit
610 2595 642 2657 in
673 2595 822 2679 eligendis
851 2594 966 2661 amicis.
1013 2593 1266 2660 Valentinianum
1298 2595 1337 2660 ad
1385 2674 1386 2681 ἵ

198 2697 344 2782 principis
375 2697 557 2781 dignitatem
583 2707 761 2783 provectum
793 2701 960 2764 orationem
989 2701 1062 2766 facit
1093 2701 1274 2780 habentem,
1305 2700 1337 2764 in

198 2818 290 2880 quam
313 2798 423 2862 inserit
444 2807 639 2884 praeceptum
662 2823 697 2864 ex
721 2800 874 2865 Ciceronis
890 2801 969 2867 libro
986 2802 1024 2867 de
1040 2802 1178 2866 amicitia
1193 2802 1335 2888 petitum,
1454 2851 1458 2857 ·

197 2923 328 2985 quocum
351 2903 509 2968 confundit
530 2904 630 2969 locum
653 2905 802 2991 epistolae
824 2905 864 2970 ad
880 2907 1028 2984 Quintum
1048 2907 1174 2972 fratrem
1191 2906 1337 2992 scriptae

240 3025 354 3104 XXVI,
377 3029 407 3104 2,
432 3027 461 3091 9.
497 3033 533 3091 ut
554 3029 637 3092 enim
660 3029 741 3115 sapi·
836 3029 877 3092 ad
899 3028 933 3105 Q.
958 3029 994 3095 fr.
1014 3030 1039 3110 Ι,
1059 3033 1134 3108 1,6,
1153 3031 1192 3095 18
1210 3049 1338 3112 ..quae

198 3138 284 3195 entes
308 3129 473 3209 deliniunt,
504 3152 564 3195 non
596 3132 685 3197 modo
708 3134 742 3196 in
795 3156 864 3200 cum
881 3133 1194 3198 honestasintinhis
1209 3133 1338 3219 privatis

196 3235 337 3320 imperio,
365 3236 419 3299 ubi
441 3237 579 3318 pericula
600 3238 736 3302 maxima
795 3239 911 3305 nostris
925 3233 1337 3320 cotidianisqueretionibus,

198 3346 311 3404 suntet
323 3340 516 3420 creberrima,
536 3343 744 3406 verumetiam
795 3345 829 3406 iu
840 3351 926 3408 tanto
937 3343 1067 3428 imperio
1082 3397 1091 3410 .
1108 3393 1114 3406 .
1133 3393 1139 3407 ,
1164 3341 1280 3405 diviua
1294 3341 1339 3404 vi-

198 3443 231 3506 in
246 3444 383 3528 privatis
399 3445 638 3529 cottidianisque
654 3447 743 3511 ratio-
796 3448 927 3514 deantur
943 3468 1065 3512 necesse
1081 3453 1138 3513 est.
1163 3446 1336 3532 (Valesius)

199 3547 743 3635 nibus,cumJudicaveritquisquam
839 3553 877 3616 de
892 3553 1018 3650 emA22,
1037 3552 1078 3617 85
1100 3550 1243 3634 quocirca
1267 3600 1273 3614 .
1298 3603 1305 3617 .
1331 3603 1337 3618 .

198 3651 343 3737 prudens,
359 3653 523 3738 adjungere
535 3656 595 3721 sibi
609 3655 743 3734 debebit,
796 3679 866 3722 eum
915 3655 1064 3743 judicaris
1096 3654 1226 3738 diligere
1249 3674 1338 3740 opor-

198 3777 258 3822 nou
283 3778 351 3822 cum
379 3757 568 3842 adJunxerit,
594 3760 741 3843 judicare.
795 3770 1004 3840 tetuou,cum
1020 3759 1174 3838 dilexeris
1187 3758 1337 3844 judicare.

242 3865 319 3928 conf.
342 3862 488 3942 XXVIII,
512 3865 542 3939 8,
569 3868 615 3932 14.
796 3865 1066 3947 (Lindenbrogiust

285 3967 371 4044 Quod
395 3967 500 4035 Cicero
523 3969 556 4031 in
578 3968 657 4033 libro
680 3969 719 4033 de
740 3969 899 4054 republica
920 3976 1008 4034 sexto
1029 3968 1104 4033 dicit
1120 3968 1255 4053 sapienti
1271 3987 1339 4034 con·

198 4072 356 4138 scientiam
381 4073 481 4159 ipsam
504 4079 585 4138 recte
608 4073 755 4138 factorum
778 4074 952 4159 praemium
968 4094 1035 4138 esse
1059 4072 1179 4151 debere,
1202 4092 1264 4136 non
1280 4077 1339 4136 sta·

198 4188 267 4243 tuas
288 4177 430 4260 aliosque
452 4177 594 4258 honores,
617 4177 800 4242 Ammianus
823 4198 944 4260 quoque
966 4177 1125 4243 imitatur:
1238 4258 1241 4264 V

241 4282 326 4362 XIV,
349 4285 379 4362 6,
412 4283 432 4348 8
466 4303 502 4345 ex
533 4281 582 4345 his
617 4281 744 4366 quidam
843 4280 881 4345 de
896 4302 957 4367 rep.
980 4282 1037 4362 Vl,
1073 4284 1103 4360 8,
1149 4280 1201 4346 sed
1234 4299 1340 4363 quam·

197 4386 372 4452 aeternitati
386 4407 418 4452 se
431 4385 637 4450 commendari
653 4406 744 4472 posse
797 4407 890 4469 quam
925 4386 1120 4473 sapientibus
1155 4384 1341 4450 conscientia
