3162 5124
720 387 759 452 17

167 583 331 664 conjuncta
345 579 441 644 fulsse
458 577 612 656 videntur,
628 599 720 660 quem
737 577 858 654 librum,
876 583 912 641 11
924 584 1030 664 postea
1045 577 1219 644 videbimus
1235 578 1308 644 Arn-

171 685 293 749 mianus
315 687 431 767 majore
454 682 599 748 tractavit
623 681 789 764 diligentia.
835 679 974 765 Reliquis
990 703 1063 747 vero
1079 682 1177 763 libris,
1200 683 1251 766 qui
1269 681 1308 746 ad

169 789 337 855 rhetoricen
366 787 529 875 pertinent,
553 786 643 850 valde
667 787 834 852 delectatus
859 794 915 866 est,
939 807 1125 870 quamquam
1148 787 1308 866 ,Oratoris‘

169 895 264 959 solius
288 893 363 958 duos
385 893 467 958 locos
488 893 531 956 ita
552 891 700 968 laudavit,
723 898 759 955 ut
774 911 885 956 nomen
902 890 1029 956 adderet
1044 891 1187 956 auctoris,
1231 891 1308 956 Tres

171 999 356 1080 sententias,
385 1019 465 1077 cum,
494 1004 531 1060 11
560 1016 662 1081 supra.
681 995 770 1060 docui
799 997 844 1082 (p.
869 999 898 1071 8,
924 998 973 1074 14,
998 996 1052 1080 15)
1082 1003 1244 1061 mutuatus
1267 996 1310 1059 sit

170 1126 207 1168 ex
217 1104 325 1170 libello
336 1103 374 1166 de
383 1102 549 1188 partitione
564 1101 707 1179 oratoria,
723 1100 804 1164 hunc
815 1101 977 1187 praecipue
989 1102 1022 1168 in
1034 1101 1153 1166 deliciis
1163 1101 1308 1166 habuisse

170 1209 300 1276 videtur.
327 1205 502 1281 Conferas*)

257 1419 295 1484 ie
321 1419 455 1482 oratore
480 1415 560 1482 libri
583 1415 634 1480 ΠΙ.
939 1416 1136 1482 Ammianus.

213 1524 239 1601 l,
265 1523 292 1599 1,
316 1525 336 1586 3
358 1521 389 1584 in
406 1520 456 1583 his
471 1518 522 1585 vel
538 1518 714 1602 asperita·
810 1519 923 1598 XXIV,
952 1521 983 1598 5,
1014 1522 1064 1585 12.
1094 1521 1311 1589 consideratis

170 1627 274 1692 tibus
317 1646 437 1689 rerum
476 1623 527 1687 vel
563 1622 714 1706 angustiis
767 1625 1044 1710 asperitatibus
1067 1633 1137 1688 ante
1157 1628 1312 1706 gestarum

172 1731 328 1818 temporis.
767 1750 890 1794 rerum
914 1739 945 1794 et
966 1728 1220 1814 impendentium.

196 1829 200 1836 ’
811 1832 928 1913 XVIII,
951 1835 980 1912 6,
1005 1835 1046 1898 22
1062 1834 1100 1898 ad
1116 1831 1312 1898 tolerandam

767 1957 892 2001 rerum
916 1939 1173 2023 asperitatem.
1268 2024 1271 2028 Ι

215 2044 241 2122 I,
264 2045 295 2122 5,
321 2044 358 2107 17
386 2043 584 2108 verborum
615 2040 715 2107 volu·
811 2040 912 2119 XVII,
944 2044 974 2119 9,
1009 2042 1028 2105 3
1067 2041 1195 2124 quidam
1232 2041 1314 2104 inter

173 2148 307 2213 bilitas
327 2146 431 2210 inanis
446 2138 539 2231 atque
552 2145 716 2211 inridenda
769 2152 902 2210 armatos
916 2149 1119 2212 verborum
1135 2145 1312 2212 volubili·

236 2253 273 2316 cl.
297 2273 327 2337 p.
343 2251 448 2314 Plano.
466 2252 517 2328 25,
535 2254 576 2317 62
593 2250 715 2333 linguae
768 2258 848 2314 tate
871 2252 1036 2338 conspicui.

237 2355 478 2420 volubilitas.

217 2462 243 2536 I,
269 2462 319 2536 13,
343 2459 382 2522 57
413 2467 449 2521 11
479 2458 517 2522 de
546 2457 594 2521 his
625 2459 716 2524 rebus
813 2459 912 2536 XXV,
936 2463 967 2544 3,
993 2462 1030 2524 17
1048 2481 1117 2523 curn
1132 2460 1171 2523 in
1186 2462 1316 2526 umbra

175 2563 318 2627 omnibus
356 2562 394 2624 in
428 2561 580 2644 angulis
610 2583 717 2627 consu·
770 2571 806 2628 et
829 2549 978 2646 angulis
1001 2563 1248 2642 amerrdarer.**)

175 2666 280 2730 mendi
324 2666 381 2730 otii
426 2687 519 2730 causa
556 2666 716 2732 disserant.

177 2769 360 2855 (Xiassling,
406 2792 476 2836 ann.
519 2771 594 2856 phil.
635 2772 718 2837 1874

176 2898 204 2959 p.
221 2874 282 2940 481
308 2879 368 2957 sq.)
402 2877 438 2940 cf.
455 2898 485 2961 p.
509 2875 608 2941 Balbo
623 2876 653 2954 6,
680 2877 717 2940 15

179 2979 222 3064 (p.
248 2981 300 3052 281
325 2990 354 3066 p.
378 2979 487 3044 Flacco
510 2983 540 3059 2,
565 2984 594 3046 5.

104 3156 108 3173 .
216 3083 717 3169 I,35,162quasipcrtrans-
814 3084 883 3164 XX,
920 3088 969 3163 11,
998 3089 1040 3152 22
1073 3086 1192 3163 Persae,
1228 3093 1312 3150 tam·

173 3209 306 3252 ennam
328 3197 560 3274 praetereuntes
681 3255 683 3258 ,
772 3209 882 3272 quam
921 3211 986 3275 per
1022 3197 1261 3256 transennam
1297 3212 1315 3254 a

773 3293 862 3358 clivis
886 3295 1079 3360 structilibus
1106 3294 1314 3360 decurrentes.

815 3397 914 3477 XXV,
946 3401 976 3476 6,
1009 3402 1049 3464 14
1084 3407 1271 3486 tamquam
1300 3425 1316 3466 e

773 3510 983 3568 transenna
1005 3503 1097 3568 simul
1120 3505 1236 3573 emissi.

221 3603 261 3680 ll,
274 3605 373 3682 18,76
384 3627 453 3670 cum
464 3605 720 3691 populoRomano
807 3607 884 3686 XX,
908 3610 937 3685 7,
961 3610 982 3673 3
1005 3607 1191 3691 hortabatur,
1214 3618 1249 3674 ut
1277 3666 1282 3679 .
1308 3664 1315 3679 .

176 3707 314 3772 omnium
337 3711 503 3790 gentium
533 3711 678 3775 victore
772 3713 917 3778 victori
948 3713 1115 3796 gentium
1146 3721 1244 3780 semet
1274 3716 1316 3778 of·

245 3884 269 3950 *)
287 3886 343 3950 Quo
371 3889 453 3954 magis
476 3889 638 3955 perspicuum
664 3891 706 3954 sit,
729 3906 794 3957 quae
813 3907 845 3943 ex
872 3891 983 3967 siugulis
1006 3889 1139 3945 Ciceronis
1163 3892 1235 3944 libris
1255 3894 1316 3944 Am-

175 3973 278 4028 mianus
305 3975 427 4042 hauserit,
450 3977 491 4029 hic
512 3992 555 4030 eos
574 3993 675 4045 quoque
693 3976 774 4047 adjeci
794 3978 872 4043 locos,
890 3979 986 4045 quibus
1004 3980 1145 4032 sententias
1167 3979 1317 4048 desumptas

175 4077 233 4116 esse
252 4077 332 4131 supra
349 4065 424 4118 docui
442 4075 467 4116 et
497 4065 637 4134 majoribus
657 4065 758 4133 ¹litteris
785 4081 829 4118 eos
854 4065 923 4134 jussi
942 4066 1055 4133 depingi,
1083 4067 1177 4134 qrribus
1205 4066 1316 4120 auctoris

174 4165 268 4204 nomen
286 4150 393 4205 addidit.

262 4235 298 4303 ”l
319 4239 356 4290 sic
377 4238 540 4292 scribendum
552 4255 610 4292 esse
623 4239 756 4306 Kiessling
766 4240 877 4308 conjecit
888 4239 914 4292 in
922 4257 983 4296 ann.
995 4240 1057 4310 phil.
1069 4257 1092 4293 a.
1110 4240 1172 4292 1871
1186 4256 1202 4308 p
1215 4239 1264 4292 481
1279 4255 1316 4308 sq.

176 4324 320 4392 Wagnerus
340 4327 445 4394 scripsit
475 4326 520 4392 „in
544 4328 700 4382 umbramet
722 4324 857 4393 angulos,“
894 4327 1113 4397 Eyssenhardtius
1144 4328 1188 4392 „in
1200 4327 1317 4380 umbram

176 4415 201 4464 et
218 4411 379 4480 angustias.“

1158 4574 1174 4626 2
