3162 5124
743 334 783 400 15

194 535 325 598 vitiosas
348 536 472 595 naturas
500 547 591 611 saepe
621 525 739 591 excolu·
791 544 874 588 mam
910 529 1050 588 naturam
1087 521 1225 586 excolere
1263 542 1331 608 pos·

195 638 256 704 isti.
796 628 860 692 sit.

190 808 193 812 ,
239 739 337 818 XXX,
354 741 383 820 8,
402 741 451 804 10.
475 737 573 801 sciens
593 736 739 820 pleraque
835 731 873 795 de
896 736 974 815 part.
999 750 1040 796 or.
1067 730 1119 809 23,
1149 731 1189 796 81
1222 751 1334 798 ...ue

198 847 344 910 vitiorum
359 841 475 918 imitari
488 841 586 906 solere
599 839 738 904 virtutes.
782 835 903 899 tollant
917 856 953 898 ea
975 854 1032 899 nos
1055 834 1141 912 vitia,
1156 899 1157 902 ,
1171 855 1249 918 quae
1270 836 1333 902 vir·

792 947 891 1006 tutem
914 938 1060 1004 videntur
1081 937 1204 1006 imitari.
1244 939 1334 1015 (conl.

792 1067 838 1126 ea,
860 1064 939 1128 quae
962 1049 1152 1128 sequuntur.)

240 1158 345 1237 XXX,
356 1157 386 1235 8,
402 1151 643 1229 Luuuccoufisi,
659 1150 740 1235 quod
836 1172 865 1236 p.
888 1147 981 1214 Mare.
1006 1149 1036 1228 9,
1060 1149 1110 1215 29.
1140 1149 1220 1213 servi
1241 1149 1336 1232 igitur

198 1284 254 1326 uec
268 1267 351 1327 metu
368 1280 423 1322 nec
438 1255 584 1322 adulandi
594 1255 741 1321 foeditate
793 1253 887 1318 etiam
903 1253 948 1316 eis
964 1252 1135 1337 judicibus,
1158 1253 1212 1336 qui
1226 1255 1335 1318 multis

199 1365 361 1430 constricta
383 1362 545 1448 posteritas
568 1362 744 1445 incorrupta
796 1364 866 1445 post
885 1357 1018 1423 ¹saeculis
1042 1356 1079 1421 de
1103 1365 1133 1422 te
1153 1356 1337 1442 judicabunt

202 1468 438 1555 praetoritorum
462 1465 541 1531 solet
564 1485 630 1528 esse
658 1485 742 1550 spec·
796 1461 971 1546 etquidem
994 1461 1076 1526 haud
1099 1461 1162 1525 scio
1185 1483 1224 1525 an
1239 1463 1336 1527 incor-

199 1573 300 1638 tatrix.
796 1567 929 1653 ruptius,
945 1586 1038 1649 quum
1051 1586 1123 1646 uos3
1139 1587 1211 1630 nam
1227 1574 1257 1631 et
1272 1567 1338 1631 sine

188 1673 192 1690 “
795 1692 897 1737 amore
913 1678 944 1736 et
959 1671 1027 1734 siue
1042 1670 1210 1756 cupiditate
1226 1678 1258 1735 et
1271 1691 1337 1736 rur-

794 1798 846 1841 sus
869 1775 936 1839 sine
959 1774 1030 1840 odio
1047 1782 1089 1839 -et
1120 1775 1187 1840 sine
1218 1775 1339 1841 invidia

789 1881 983 1964 judicabunt.

227 2029 232 2042 ¹
288 2005 449 2072 Absolutis
480 2005 526 2068 eis
556 2004 664 2083 rebus,
697 2023 827 2087 quarum
854 2003 1057 2083 cognitionem
1086 2002 1270 2067 Ammianus
1301 2024 1339 2068 ex

201 2111 356 2176 Ciceronis
379 2110 469 2174 libris
491 2109 606 2188 hausit,
635 2115 828 2172 transeamus
851 2108 889 2171 ad
912 2107 1038 2172 alteram
1062 2115 1180 2193 partem
1202 2115 1234 2172 et
1256 2108 1339 2174 vide-

201 2239 300 2294 amus,
325 2223 439 2298 quauta
458 2214 578 2278 utilitas
593 2212 816 2277 redundaverit
830 2233 868 2275 ex
883 2212 1033 2298 perpolita
1048 2218 1078 2276 et
1093 2212 1226 2295 eleganti
1241 2212 1340 2277 Tullii

201 2323 318 2385 ratione
341 2319 494 2385 scribendi
517 2319 550 2381 iu
572 2318 730 2383 Ammiani
753 2338 932 2384 sermonem.

287 2444 402 2504 Omnes
425 2441 487 2504 fere
510 2461 581 2504 non
594 2441 709 2524 injuria
724 2447 891 2506 contortam
907 2447 938 2504 et
952 2439 1090 2503 inflatam
1106 2440 1254 2504 rationem
1272 2461 1341 2506 nar-

203 2545 303 2624 randi,
326 2565 386 2628 qua
400 2544 584 2608 Ammianus
607 2565 682 2608 usus
705 2552 761 2621 est,
786 2543 1055 2607 vehementissime
1076 2544 1341 2628 vituperaverunt.
1396 2609 1399 2613 .

205 2651 285 2714 Sunt
307 2670 379 2713 vcro
403 2668 512 2712 causae
534 2648 711 2727 nonnullae,
735 2668 822 2731 quae,
846 2655 882 2712 ut
903 2648 1005 2711 minus
1029 2669 1172 2713 severum
1192 2649 1341 2733 judicium

204 2773 410 2830 exerceamus,
434 2773 489 2816 nos
512 2750 682 2836 impellant.
721 2753 767 2815 Ac
789 2751 922 2837 primum
945 2751 1068 2836 quidem
1091 2753 1181 2818 venia
1196 2754 1225 2818 ei
1241 2753 1343 2818 danda

204 2867 260 2935 est,
289 2858 370 2941 quod
388 2857 483 2921 latine
500 2856 630 2942 scripsit,
654 2876 839 2939 quamquam
857 2865 920 2922 erat
936 2856 1081 2941 Graecus3
1104 2858 1209 2941 itaque
1222 2880 1284 2924 non
1299 2859 1344 2923 in-

203 2962 332 3042 tellexit,
362 2961 508 3046 quidnam
532 2981 626 3046 purae
649 2966 681 3025 et
703 2960 855 3046 simplicis
877 2961 999 3046 linguae
1023 2961 1136 3026 latinae
1167 2971 1247 3028 esset
1275 2984 1344 3048 pro-

202 3067 305 3152 prium
326 3074 368 3143 et,
385 3087 455 3150 quo,
478 3069 609 3150 majores
624 3067 788 3132 verborum
804 3074 907 3131 essent
917 3065 1064 3146 ambitus
1089 3087 1124 3132 eo
1140 3067 1343 3152 pulchriorem

203 3176 409 3236 narrationem
432 3191 499 3234 esse
522 3169 659 3236 credidit.
704 3169 823 3234 Deinde
839 3191 878 3234 nc
900 3170 1130 3258 obliviscamur,
1150 3171 1231 3255 quod
1254 3173 1343 3237 Liba-

206 3275 249 3338 nii
265 3274 398 3340 rhetoris
414 3281 535 3339 constat
549 3274 762 3360 testimonicr)
774 3275 975 3339 Ammianum
990 3275 1134 3340 recitasse
1150 3297 1253 3341 coram
1268 3277 1345 3341 ami-

208 3379 250 3442 cis
273 3379 431 3463 doctisque
454 3378 631 3444 homiuibus
654 3378 793 3461 singulas
818 3379 921 3464 operis
942 3388 1045 3465 partes
1069 3400 1198 3463 eamque
1219 3381 1258 3445 ob
1275 3402 1344 3445 cau-

208 3501 272 3546 sam
298 3483 463 3562 studuisse,
495 3489 528 3547 ut
549 3482 704 3548 rhetorico
733 3482 865 3565 quodam
890 3483 988 3548 colore
1011 3484 1143 3548 afficeret
1165 3485 1342 3560 orationem.

205 3587 293 3650 Certe
315 3607 376 3652 non
399 3587 604 3652 dubitandum
627 3594 685 3667 est,
708 3587 783 3672 quin
806 3588 989 3652 Ammianus
1012 3588 1044 3652 in
1068 3608 1104 3652 ea
1125 3589 1219 3654 fuerit
1241 3591 1339 3676 opini-

205 3711 261 3754 one
285 3712 318 3755 se
340 3702 444 3757 ornate
467 3700 497 3757 et
519 3693 675 3775 eleganter
702 3714 751 3757 res
786 3693 939 3757 Romanas
970 3712 1100 3757 narrare.
1159 3692 1247 3769 Quod
1277 3716 1345 3759 cum

207 3796 366 3861 verborum
390 3797 571 3878 ambagibus
594 3804 660 3862 turn
694 3817 728 3860 eo
760 3797 894 3861 maxime
922 3796 1087 3881 impetrare
1112 3798 1266 3879 studebat,
1300 3807 1344 3876 ut,

210 3920 287 3982 quae
309 3901 342 3964 in
365 3902 460 3966 variis
483 3901 668 3986 scriptorum
690 3901 779 3967 libris
803 3900 882 3965 lecta
910 3901 1056 3964 memoria
1085 3905 1224 3980 tenebat,
1256 3905 1345 3986 quasi

205 4004 297 4068 tiores
342 4004 474 4070 orationi
515 4005 746 4070 intermisceret.
807 4005 932 4070 Frustra
972 4025 1042 4069 vero
1080 4007 1239 4074 conaberis
1274 4008 1346 4071 rati-

206 4129 295 4173 onem
319 4115 352 4173 et
374 4109 536 4202 consilium
561 4109 745 4190 intelligere,
777 4109 891 4192 quibus
914 4111 1097 4174 Ammianus
1131 4132 1205 4176 usus
1238 4113 1279 4174 sit
1312 4112 1343 4176 iu

205 4271 298 4278 υ...-

293 4353 320 4422 *)
338 4371 377 4424 ep.
398 4354 457 4414 983.
