3162 5124
760 362 779 424 9

201 553 318 618 domini
334 557 424 636 eaput
439 551 477 615 ad
490 572 587 635 usque
599 550 741 614 ultimum
796 550 943 614 simorum
982 549 1140 613 homiuum
1176 548 1338 626 institutis,

200 654 354 718 lacerabat
370 651 508 731 exitium,
530 651 663 738 quodlin
679 659 743 716 stu·
796 651 858 734 qui,
882 671 949 714 oum
974 649 1008 714 in
1023 649 1163 715 dominos
1185 648 1339 714 deservis

164 819 168 826 ,
202 754 249 838 pri
265 752 442 836 quaestione
454 753 521 816 lieri
534 759 659 817 vetuere
680 751 742 815 cle·
795 749 902 834 quaeri
935 750 1120 828 noluissent,
1159 758 1264 814 tamen
1298 749 1336 814 de

202 853 408 918 montissimae
430 852 522 936 leges,
794 851 912 914 incestu
928 858 972 914 ct
998 851 1238 934 conjuratione.
1263 905 1269 918 .
1295 905 1297 908 .
1327 903 1333 916 .

795 949 1002 1033 quaerendum
1026 957 1221 1034 putaverunt.

792 1073 823 1137 p.
839 1051 904 1130 Mil,
921 1051 972 1130 22,
988 1053 1029 1118 59
1054 1051 1106 1138 [de
1133 1052 1231 1116 servis
1254 1051 1340 1117 nulla

794 1151 870 1237 lege¹¹
882 1151 1021 1236 quaestio
1044 1159 1090 1216 est
1111 1152 1145 1215 in
1168 1152 1339 1226 dominum,
1390 1179 1391 1184 ¹

793 1253 856 1316 nisi
863 1252 901 1316 dc
909 1251 1051 1338 incestu]
1062 1252 1340 1336 (Lindenbrogius.)
1354 1243 1357 1248 ’

286 1355 420 1419 Maxime
448 1354 631 1417 Ammianus
654 1353 810 1418 Ciceronis
837 1353 1020 1439 sapientiam
1048 1352 1219 1418 admiratus
1248 1374 1335 1438 prae-

201 1463 288 1540 cepto
303 1455 505 1537 institutaque
521 1453 733 1540 philosophiae
749 1456 787 1519 ab
804 1475 839 1519 eo
854 1454 967 1519 tradita
981 1454 1084 1517 animo
1097 1474 1153 1518 suo
1167 1453 1334 1538 impressit.

201 1555 318 1631 Quibus
341 1555 510 1619 instructus
533 1554 662 1618 lectores
686 1553 793 1618 docere
810 1554 923 1628 studet,
948 1563 989 1632 et,
1013 1553 1097 1636 quod
1112 1553 1338 1639 illisltempori-

203 1658 269 1731 buS,
293 1655 405 1737 quibus
428 1653 564 1720 adulatio
587 1654 731 1739 serpebat
759 1676 813 1740 per
839 1653 1004 1739 plerosque
1027 1654 1215 1738 scriptorum
1239 1651 1336 1717 libros

202 1775 322 1818 summa
338 1755 427 1819 laude
443 1756 570 1837 dignum
586 1764 641 1832 cst,
658 1758 759 1818 animo
778 1754 876 1820 libero
893 1755 985 1818 ctiam
1001 1755 1035 1818 in
1049 1755 1159 1839 ipsum,
1171 1755 1339 1840 prinoipem

201 1877 398 1939 summosque
414 1856 497 1920 viros
513 1856 671 1920 invehitur
686 1855 763 1919 vitia
778 1876 882 1919 eorum
895 1854 1164 1919 vehementissime
1177 1854 1339 1936 castigans.

286 1956 453 2042 Imprimis,
470 1977 547 2040 quae
560 1956 665 2020 Cicero
682 1956 719 2020 de
735 1956 844 2021 officiis
861 1957 1055 2042 superiorum
1068 1975 1208 2037 argaeos,
1226 1954 1338 2038 quibus

199 2058 361 2142 imperant,
395 2056 643 2142 praescripserat,¹
674 2056 824 2120 memoria
850 2055 951 2120 tenuit
973 2063 1013 2136 et,
1048 2055 1129 2139 quod
1153 2054 1209 2120 ille
1242 2055 1281 2120 ad
1305 2057 1338 2132 Q.

200 2159 235 2220 fr.
252 2157 277 2223 I.
298 2161 324 2236 l,
341 2157 372 2236 8,
389 2159 430 2222 24
446 2164 476 2221 et
498 2158 535 2222 de
551 2158 599 2223 off.
617 2157 640 2222 Ι.
658 2158 709 2234 25,
727 2159 769 2224 85
784 2157 919 2242 exponit,
943 2156 993 2234 iis,
1017 2156 1072 2239 qni
1086 2162 1234 2241 praesunt
1256 2154 1338 2234 aliis,

200 2259 363 2342 imperium
385 2259 430 2323 sic
445 2279 512 2323 esse
527 2257 704 2342 gerendum,
728 2263 764 2322 ut
780 2257 882 2321 omnia
896 2258 1031 2321 referent
1045 2257 1085 2320 ad
1106 2256 1340 2322 oboedientium

201 2358 332 2422 salutem
356 2378 523 2441 eorumque
546 2358 704 2423 commodo
726 2359 872 2436 serviant,
895 2357 1151 2422 Valentinianum
1167 2356 1340 2440 neglexisse

199 2459 337 2541 queritur
370 2459 470 2535 XXX,
503 2459 532 2537 8,
566 2462 606 2524 14
636 2468 666 2523 et
688 2459 801 2538 XXIX,
825 2461 854 2534 2,
881 2460 929 2523 18.
974 2457 1061 2522 Idem
1091 2457 1244 2522 dicentem
1267 2457 1341 2522 facit

199 2558 359 2622 Iulianum
381 2559 415 2622 in
437 2559 587 2638 oratione,
617 2580 710 2642 quam
733 2558 824 2644 paulo
846 2564 918 2622 ante
940 2564 1072 2622 mortem
1095 2579 1167 2622 eum
1192 2558 1338 2623 habuisse

199 2658 290 2741 lingit
307 2657 405 2738 XXV,
426 2661 456 2737 3,
475 2661 524 2725 18.

285 2759 391 2823 Multis
414 2759 515 2823 laesae
537 2760 708 2842 majestatis
736 2759 889 2824 arcessitis
918 2767 950 2824 et
976 2759 1131 2824 damnatis
1155 2758 1332 2824 Constantis

198 2859 355 2944 vituperat
387 2859 602 2924 crudelitatem
635 2867 666 2924 et
698 2860 873 2925 Ciceronem
908 2861 937 2924 ci
969 2859 1154 2924 imitandum
1187 2859 1332 2945 proponit

198 2959 282 3034 XIX,
303 2961 424 3038 1218:
450 2959 645 3042 „Imitandus
669 2961 710 3025 sit
732 2960 871 3040 Tullius,
902 2982 973 3024 oum
995 2981 1118 3045 parcere
1141 2960 1190 3024 vel
1214 2959 1335 3024 laedere

198 3061 364 3144 potuisset,
396 3069 430 3124 ut
451 3061 518 3146 ipse
541 3060 694 3139 adimat,
730 3060 906 3144 ignoscendi
935 3080 1083 3145 quaerens
1105 3081 1166 3124 non
1189 3060 1338 3146 puniendi

198 3160 384 3238 occasiones,
412 3161 495 3243 quod
511 3160 627 3244 Judicis
650 3161 728 3225 lenti
751 3168 783 3226 et
805 3160 990 3226 considerati
1012 3168 1058 3226 est
1072 3161 1261 3246 proprium.“
1287 3159 1337 3243 (ex

200 3259 288 3343 lrgm.
306 3260 452 3326 editionis
467 3261 620 3325 aBaitero
630 3270 661 3326 et
677 3261 813 3344 Kaysero
825 3262 1059 3350 institutaelvol.
1070 3262 1124 3329 XI.
1138 3283 1168 3346 p.
1181 3264 1221 3326 27
1235 3262 1255 3327 1.
1275 3263 1338 3347 11.)

285 3373 540 3439 Valentinianum
553 3395 674 3458 quoque
689 3375 896 3460 reprehendit,
920 3377 1002 3458 quod
1019 3377 1191 3462 promptior
1218 3375 1258 3439 ad
1286 3397 1339 3440 no·

200 3475 330 3540 cendum
353 3477 463 3540 fuisset
485 3482 516 3540 et
538 3476 774 3541 criminantibus
790 3497 880 3541 aures
895 3477 1090 3542 adhibuisset
1104 3476 1218 3554 XXVI,
1235 3479 1338 3554 10,12

203 3578 392 3658 „sententiae
414 3577 503 3641 illius
525 3576 686 3640 Tullianae
708 3576 834 3658 ignarus
857 3577 996 3642 docentis
1025 3577 1163 3642 infelices
1186 3597 1253 3640 csse
1276 3595 1338 3652 eos,

200 3675 254 3758 qui
275 3676 379 3740 omnia
405 3677 467 3742 sibi
495 3677 585 3740 licere
610 3676 852 3742 existimarent“
891 3678 943 3762 (ex
965 3679 1053 3761 frgm.
1077 3678 1112 3744 B.
1136 3677 1172 3744 K.
1196 3677 1256 3741 vol.
1293 3675 1339 3739 Xl

200 3797 230 3860 p.
256 3779 317 3841 140
341 3776 361 3843 f.
387 3778 451 3862 15.)
496 3777 750 3842 Valentinianum
772 3779 901 3843 forsitan
923 3779 1081 3861 ignorasse
1096 3779 1279 3842 Ammianus
1295 3777 1339 3845 ait

199 3874 403 3940 lenitudinem
419 3877 592 3962 principum
608 3899 729 3964 semper
744 3899 811 3942 esse
827 3878 981 3962 refugium
998 3879 1130 3958 miseris,
1146 3890 1338 3962 mortemque

201 3975 291 4059 quasi
314 3974 462 4040 ultimum
484 3976 654 4043 remedium
677 3979 711 4041 in
733 3978 874 4042 adversis
896 3981 988 4044 rebus
1016 3983 1147 4063 majores
1175 3978 1338 4058 statuisse;

202 4076 302 4159 „unde
324 4079 463 4140 motum“
487 4077 586 4162 pergit
606 4078 704 4158 XXX,
729 4084 759 4158 8,
783 4081 813 4158 7,
837 4079 1000 4160 ,existimo
1023 4077 1159 4144 Tullium
1183 4078 1338 4169 praeclare
1398 4112 1400 4117 ·

199 4176 424 4256 pronuntiasse,
449 4198 519 4241 cum
542 4176 721 4243 defenderet
736 4179 884 4268 Oppium:
909 4179 1024 4245 etenim
1044 4179 1178 4244 multum
1192 4198 1283 4264 posse
1299 4179 1338 4244 ad

201 4277 329 4342 salutem
357 4277 496 4356 alterius,
523 4276 635 4341 honori
663 4279 785 4359 multis3
816 4301 925 4365 parum
951 4279 1091 4364 potuisse
1122 4279 1161 4342 ad
1196 4279 1337 4359 exitium,

203 4378 313 4461 probro
336 4377 451 4442 nemini
475 4397 610 4460 uuquam
630 4378 719 4446 fuiss
744 4378 797 4464 (ox
816 4381 905 4464 frgm.
929 4381 964 4448 B.
988 4380 1024 4446 K.
1041 4380 1100 4446 vol.
1115 4379 1159 4445 XI
1175 4401 1204 4464 p.
1223 4380 1338 4466 615.)
