3162 5124
276 531 418 598 actionis
439 530 474 596 in
497 529 527 595 0.
551 529 684 600 Verrem
708 547 817 599 secun·

430 650 490 717 dae
513 650 593 718 libri
615 653 653 719 V.

318 771 343 849 Ι,
369 773 419 850 13,
435 774 477 840 35
493 781 597 858 sperat
612 775 671 838 sibi
694 795 818 840 aurern
913 774 1002 854 XIX,
1024 778 1055 854 6,
1090 779 1104 839 1
1139 773 1312 860 adspiravit
1349 795 1413 838 au-

275 897 366 963 posae
386 877 522 960 aliquam
544 876 686 942 adflari
708 879 740 943 in
762 881 820 944 hoc
870 900 946 943 ram
971 877 1127 962 quandam
1155 879 1263 944 salutis
1289 880 1413 944 fortuna

275 981 403 1045 erimine
426 981 597 1046 voluntatis
620 981 819 1050 defensionis-

275 1105 335 1169 que
358 1105 521 1172 eorum..

318 1190 360 1271 II,
384 1192 435 1268 20,
459 1191 501 1256 50
515 1211 569 1275 per
591 1190 819 1276 pseudothy·
914 1191 1005 1270 XIV,
1031 1195 1058 1268 l,
1080 1194 1171 1277 3per
1186 1190 1295 1278 palatii
1309 1212 1415 1277 pseu-

275 1317 356 1361 rum
379 1302 581 1360 revertantur.
620 1294 818 1370 (lindenbro-
871 1295 1081 1381 dothyrum
1104 1295 1284 1362 introducta.

274 1400 355 1484 gius)
379 1398 413 1465 cl.
432 1421 460 1486 p.
476 1397 542 1466 red.
561 1400 595 1464 im
610 1422 635 1466 e.
652 1402 681 1478 6,
703 1401 752 1465 14.

318 1503 360 1583 ΙΙ,
391 1506 443 1581 30,
478 1505 519 1568 74
554 1523 739 1588 quamquam
774 1511 821 1570 eet

274 1605 449 1674 incredibili
465 1606 768 1694 importunitate
791 1614 822 1672 et
917 1608 1037 1688 XXIV,
1049 1611 1078 1690 7,
1092 1610 1108 1674 1
1123 1607 1418 1674 lacinueaudaxet

275 1711 436 1779 audacia.
873 1713 1137 1799 importunum.

317 1815 360 1896 Π,
375 1818 428 1896 51,
448 1818 508 1881 140
523 1823 594 1882 tuos
606 1817 678 1883 illos
693 1818 821 1902 palae

276 1920 422 1986 atritas.
460 1921 497 1988 cl.
526 1920 567 2000 ΙΙ,
596 1923 647 2000 22,
677 1922 734 2000 54;
767 1920 820 2000 IV,
918 1920 985 2000 XV,
1009 1921 1277 2002 3,4utartifices
1300 1920 1421 2008 palae-

275 2028 326 2102 26,
351 2024 423 2090 139.
873 2025 1011 2090 ctritae

317 2127 376 2209 ΠΙ,
406 2131 434 2208 1,
459 2132 475 2196 1
500 2129 600 2212 legem
633 2129 715 2195 enirn
745 2130 821 2197 eibi

274 2233 353 2321 ipsi
405 2233 584 2299 indicunt
629 2234 820 2300 innocentiae
917 2217 1003 2297 XVI,
1049 2221 1076 2298 l,
1121 2219 1140 2282 5
1185 2215 1420 2304 temperantiam

276 2336 542 2422 continentiaeque
604 2338 819 2423 virtutumque
873 2320 958 2405 ipse
981 2321 1063 2388 Sibi
1085 2321 1241 2389 ludim·

275 2462 422 2507 omnium.

317 2545 374 2626 ΠΙ,
399 2548 427 2626 1,
451 2550 471 2615 3
491 2547 657 2612 nondum
678 2546 819 2612 confir-

274 2649 574 2718 matoconsilio.
914 2633 1068 2712 XXVIII,
1108 2639 1136 2712 l,
1175 2635 1216 2700 26
1260 2633 1425 2700 nondum

871 2737 1028 2803 firmato
1052 2737 1222 2822 coneilio

913 2841 1012 2923 XVII,
1050 2843 1080 2919 8,
1118 2845 1139 2909 2
1176 2842 1420 2926 firmatoque

872 2945 1055 3013 consilio.
1098 2946 1133 3014 cl.
1166 2945 1278 3040 XVIII,
1312 2951 1341 3025 6,
1377 2948 1415 3027 4;

317 3049 376 3130 ΙΙΙ,
399 3053 430 3131 4,
453 3051 588 3118 Victum
612 3049 819 3116 rebusomni-
871 3048 969 3127 XVII,
994 3053 1092 3130 1,12.
1361 3043 1373 3138 J

276 3159 334 3222 bus
372 3153 509 3240 undique
547 3154 659 3240 ereptis
694 3156 819 3239 impune
914 3151 1019 3235 XXII,
1044 3157 1094 3236 16,
1118 3157 1134 3220 7
1158 3154 1240 3239 quod
1262 3155 1421 3221 civitatem

275 3259 450 3326 eludentem
478 3257 744 3325 circumfluere
774 3265 819 3325 at·
871 3267 941 3346 post
975 3259 1051 3325 haec
1081 3259 1301 3324 alimentorum
1331 3259 1420 3325 uberi

276 3387 335 3450 que
358 3364 514 3430 abundare
872 3363 960 3450 copia
995 3363 1261 3429 circumfluere
1295 3364 1420 3429 lortuIto

318 3468 377 3551 III,
399 3472 453 3549 41,
469 3468 510 3533 98
526 3468 564 3532 ab
581 3467 724 3534 omnibus
739 3487 820 3532 ven·
870 3469 1066 3536 monstravit.

276 3576 328 3640 tis
359 3572 512 3639 invidia
547 3571 736 3640 circumdari.
782 3571 821 3639 cf.
914 3571 1020 3651 XVII,
1051 3576 1083 3652 5,
1117 3575 1157 3640 13
1202 3593 1271 3636 cum
1303 3571 1421 3658 placata

277 3705 306 3768 p.
324 3679 445 3747 Cluent.
461 3680 512 3756 53,
538 3679 599 3745 153
621 3685 662 3762 (p.
678 3679 741 3754 24).
873 3677 936 3742 sint
958 3697 1073 3743 aurae
1095 3675 1285 3742 invidiae.

319 3783 377 3864 HI,
401 3785 452 3862 56,
478 3783 539 3850 129
562 3787 597 3846 ut
618 3781 759 3846 homines
774 3783 821 3846 in-

272 3883 690 3975 juriaetuaeremedium
705 3894 820 3953 morte
916 3885 1021 3968 XXX,
1043 3889 1075 3964 5,
1107 3888 1127 3950 6
1167 3907 1184 3949 e
1220 3885 1334 3968 quibus
1371 3883 1424 3949 ali-

277 4014 319 4058 ac
341 3991 556 4077 suspendio
580 3999 770 4074 quaererent.
874 4010 950 4074 quos
974 3989 1348 4075 ...suspendiorum
1372 4009 1423 4050 ex·

874 4101 980 4180 optata
1021 4093 1184 4160 remedia
1224 4111 1421 4177 consumpse-

873 4205 958 4267 runt.

915 4304 1000 4383 XVI,
1028 4305 1077 4385 12,
1097 4305 1139 4370 53
1150 4302 1295 4388 jacebant
1311 4299 1418 4383 itaque

872 4409 1001 4496 plurimi
1033 4408 1171 4473 mansfixi
1201 4406 1337 4473 letaliter
1371 4428 1422 4472 re·
