3162 5124
804 341 844 404 12

697 431 812 438 --..-—-›-
818 431 953 438 —m

253 548 307 614 per
345 535 462 592 statuas
499 528 710 606 aestimantes,
745 519 797 593 eas
849 531 918 616 ipsa
941 531 1091 596 factorum
1115 531 1305 614 egregiorum
1331 550 1394 592 am-

252 632 395 697 ardonter
417 632 587 711 adfectant,
610 634 701 714 quasi
723 633 796 718 plus
848 633 1021 720 piissimum
1062 635 1188 698 virtutis
1227 641 1275 698 est
1311 654 1395 718 prae-

252 736 380 821 praemii
396 735 434 800 de
450 737 604 820 tigmentis
616 736 715 800 aereis
728 757 795 801 sen·
848 739 957 819 mium,
974 748 1076 804 tamen
1094 738 1150 802 illa
1170 737 1278 803 divina
1293 738 1394 801 virtus

253 841 339 906 sibus
352 842 525 906 carentibus
537 840 689 926 adepturi,
703 861 795 924 quam
848 865 909 908 non
931 850 1050 908 statuas
1079 843 1205 929 plumbo
1234 841 1394 906 inhaeren-

253 967 290 1008 ex
305 945 494 1012 conscientia
508 945 637 1010 honeste
653 952 795 1028 reeteque
850 948 891 1012 tis
914 969 969 1012 nec
991 947 1162 1032 triumphos
1185 947 1394 1012 arescentibus

252 1050 411 1116 laetorum.
850 1052 973 1127 laureis,
997 1051 1051 1116 sed
1067 1050 1227 1117 stabihora
1243 1048 1393 1133 quaedam

850 1164 881 1221 et
896 1155 1044 1221 viridiora
1059 1156 1267 1241 praemiorum
1283 1175 1395 1238 genera

850 1259 1010 1327 desiderat.
1027 1260 1304 1344 (Lindenbrcgius)
1317 1260 1393 1324 conl.

849 1364 931 1430 Phil.
953 1364 990 1442 V,
1011 1365 1066 1445 13,
1089 1369 1131 1432 35
1155 1364 1274 1448 (idem).

340 1467 453 1532 Micam
476 1470 686 1534 confusionem
717 1469 901 1532 Ammianus
932 1469 1025 1533 eflicit
1055 1469 1085 1532 in
1117 1469 1172 1546 iia,
1203 1489 1281 1552 quae
1311 1466 1393 1552 apud

253 1573 431 1637 Ciceronem
455 1573 492 1636 de
516 1574 683 1639 virtutibus
705 1573 829 1656 legerat.
874 1573 905 1636 Is
932 1573 1105 1638 enimcum
1129 1573 1162 1636 in
1182 1572 1265 1637 libre‘
1281 1572 1318 1636 de
1335 1571 1395 1636 vir·

254 1677 388 1758 tutibus,
419 1685 486 1742 tum
516 1678 554 1741 de
577 1680 626 1743 oli.
655 1679 679 1758 l,
712 1678 741 1756 5,
772 1679 812 1744 15
842 1685 991 1760 quattuor
1013 1678 1145 1742 virtutes
1170 1699 1237 1742 esse
1259 1677 1395 1740 dixerat:

255 1783 460 1866 prudentiam,
479 1783 646 1867 justitiam,
674 1781 895 1860 fortitudinem,
920 1783 1153 1869 temperantiam
1171 1790 1200 1846 et
1223 1780 1333 1845 deinde
1357 1779 1395 1844 de

253 1887 292 1950 iis
308 1887 520 1972 disputaverat
535 1887 714 1967 virtutihus,
736 1909 814 1970 quae
831 1887 965 1952 cumbis
982 1894 1085 1952 essent
1101 1889 1286 1971 conjunctae.
1322 1889 1394 1948 Am-

253 1991 385 2069 mianus,
402 1995 489 2076 cujus
513 1991 616 2056 animo
632 1992 708 2057 haec
721 1993 927 2057 obversantur
943 1991 1041 2071 XXV,
1064 1975 1094 2069 4,
1121 1995 1149 2070 1,
1165 1991 1297 2078 primum
1316 1995 1396 2054 recte

254 2103 423 2174 enumerat,
455 2102 598 2181 quattuor
625 2097 773 2175 virtutes;
806 2096 917 2160 deinde
948 2118 1031 2173 vero,
1064 2116 1133 2161 cum
1165 2094 1276 2160 addere
1309 2094 1396 2171 velit,

254 2217 331 2280 quae
354 2217 421 2260 cum
446 2196 494 2260 his
517 2196 706 2273 cohaereant,
734 2197 885 2261 memoria
906 2196 1014 2261 incidit
1035 2197 1066 2260 in
1090 2196 1186 2260 alium
1208 2193 1326 2260 locum:
1358 2194 1396 2258 dc

254 2301 327 2385 imp.
351 2300 403 2367 Cn.
429 2301 461 2366 P.
490 2304 538 2380 10,
560 2305 611 2367 24,
634 2302 689 2366 ubi
706 2301 807 2366 Cicero
832 2301 916 2380 dicit,
949 2309 1092 2384 quattuor
1113 2321 1180 2365 esse
1202 2321 1259 2378 res,
1282 2299 1396 2382 quibus

252 2407 351 2469 bonus
374 2405 541 2491 imperator
563 2405 711 2470 excellere
735 2406 858 2472 debeat:
892 2405 1055 2470 scientiam
1077 2395 1122 2469 rei
1151 2404 1307 2482 militaris,
1334 2403 1395 2467 vir-

252 2516 359 2590 tutem,
390 2511 613 2588 auctoritatem,
644 2509 837 2589 felicitatem3
869 2518 899 2574 et
928 2509 1075 2593 quoniam
1104 2502 1254 2593 intelligit
1286 2529 1393 2574 vocem

255 2615 443 2697 „virtutem“
467 2615 614 2680 hocloco
637 2622 718 2680 recte
741 2614 803 2679 dici
824 2636 884 2681 non
901 2635 1000 2700 posse,
1023 2613 1111 2678 addit
1126 2612 1394 2693 „liberalitatem“,

253 2741 345 2804 quam
363 2720 469 2785 Cicero
491 2741 562 2783 cum
571 2720 697 2803 justitia
713 2722 910 2803 conjunctam
925 2739 992 2782 esse
1009 2718 1087 2783 dicit
1102 2717 1140 2782 de
1163 2719 1211 2782 off.
1238 2718 1262 2800 1,
1285 2720 1313 2796 7,
1341 2718 1393 2797 10;

253 2825 358 2908 itaque
381 2824 501 2889 scribit:
530 2845 619 2904 „oum
644 2823 726 2888 euim
749 2824 820 2901 sint,
844 2828 878 2887 ut
901 2823 1057 2908 sapientes
1081 2821 1238 2902 deliniunt,
1267 2823 1395 2886 virtutes

253 2936 398 3014 quattuor
420 2928 612 3014 praecipuae,
640 2928 855 3014 temperantia,
879 2926 1052 3012 prudentia,
1078 2926 1212 3011 justitia,
1235 2925 1394 3004 fortitudo,

254 3035 360 3118 eisque
382 3033 554 3098 accidentes
578 3033 767 3098 extrinsecus
783 3032 871 3111 aliae,
900 3033 1031 3096 scientia
1054 3033 1099 3096 rei
1114 3031 1267 3109 militaris,
1297 3040 1396 3096 aucto·

253 3139 337 3218 ritas,
361 3137 500 3218 felicitas,
523 3147 618 3220 atque
640 3137 811 3203 liberalitas
840 3189 847 3202 .
935 3143 953 3174 ‘⁶
1019 3191 1022 3199 t

341 3243 413 3308 Alio
432 3243 497 3309 loco
514 3243 698 3307 Ammianus
718 3241 798 3308 dicto
816 3241 969 3306 Ciceronis
985 3242 1085 3306 utitur
1100 3239 1138 3304 ad
1154 3239 1393 3305 confirmandam

252 3348 437 3413 'sententiam
460 3368 548 3412 suam
572 3347 610 3411 de
632 3354 699 3412 arte
723 3347 918 3430 vaticinandi,
951 3368 1042 3430 quam
1067 3352 1172 3410 contra
1194 3345 1317 3430 plebem
1341 3342 1392 3406 de-

255 3453 362 3520 fendit.
392 3453 451 3518 Hie
466 3473 585 3537 quoque
601 3452 678 3517 duos
696 3453 778 3518 locos
793 3452 956 3516 Tullianos
972 3452 1017 3516 ita
1034 3450 1203 3529 confundit,
1226 3457 1261 3513 ut
1277 3448 1396 3514 dictum

253 3559 357 3644 ipsum
380 3579 418 3622 ex
440 3557 519 3624 libro
543 3557 580 3622 de
603 3566 717 3624 natura
740 3557 866 3621 deorum
890 3555 1036 3633 seeundo,
1061 3556 1154 3620 verba
1176 3575 1248 3619 vero
1279 3559 1397 3618 antece·

254 3665 359 3730 dentia
379 3685 416 3728 ex
438 3664 683 3730 Tusculanarum
706 3663 948 3748 disputationum
972 3660 1053 3726 libro
1077 3661 1190 3724 afferat.
1232 3660 1396 3724 Conseras:

298 3769 383 3848 XXI,
411 3771 438 3848 1,
466 3773 503 3836 13
527 3825 532 3836 .
558 3822 564 3836 .
590 3793 619 3832 .’
666 3768 798 3831 sulliciet
893 3765 983 3831 Tusa.
1007 3763 1047 3840 H,
1071 3766 1101 3843 4,
1128 3767 1167 3828 12
1190 3770 1225 3827 ut
1256 3763 1340 3827 enim
1370 3761 1398 3826 si

256 3873 327 3954 dici,
351 3873 433 3958 quod
456 3881 486 3938 et
507 3873 725 3956 grammaticus
754 3871 797 3935 lo·
849 3869 1084 3955 grammaticum
1096 3891 1128 3933 se
1141 3868 1297 3953 professus
1315 3867 1398 3951 quis-

255 3986 344 4044 cutus
367 3978 522 4043 interdum
546 3985 593 4042 est
615 3979 744 4044 barbare
767 3983 797 4038 et
849 3975 932 4060 piam
957 3975 1087 4040 barbare
1112 3972 1264 4056 loquatur,
1294 3979 1347 4036 aut
1370 3971 1397 4033 si

255 4083 389 4149 absurde
401 4083 509 4148 cecinit
517 4083 664 4162 musicus,
681 4088 713 4145 et
724 4080 809 4163 igno·
853 4078 986 4144 absurde
1008 4090 1097 4142 canat
1110 4077 1148 4154 is,
1173 4076 1227 4160 qui
1242 4097 1275 4138 se
1291 4073 1398 4138 haberi

255 4188 338 4253 ravit
352 4186 524 4252 remedium
543 4187 680 4252 medicus
701 4193 733 4250 et
747 4205 808 4248 non
853 4184 931 4249 velit
951 4182 1115 4247 musicum.

256 4293 325 4358 ideo
347 4315 404 4357 nec
426 4291 625 4375 grammatica
659 4313 714 4356 nec
745 4315 810 4357 mu·

168 4423 171 4432 ’
257 4397 320 4462 sica
330 4419 387 4462 nee
395 4396 547 4461 medicina
557 4397 712 4477 subsistit,
730 4395 810 4460 unde
