3162 5124
804 308 844 371 10

338 497 444 582 Neque
480 498 583 562 minus
621 498 749 580 castigat
785 497 998 562 crudelitatem
1037 498 1255 582 praefectorum
1298 504 1391 582 atque

253 597 401 676 omnium,
431 598 543 681 quibus
562 597 683 682 judicia
705 605 791 662 erant
813 599 995 677 exercenda3
1019 605 1049 661 ct
1063 597 1261 662 vehementer
1276 597 1390 677 XXIX,

252 703 283 777 2,
309 700 348 763 12
370 699 566 784 reprehendit
588 700 784 764 severitatem
806 721 924 781 eorum,
953 701 1006 783 qui
1033 699 1147 764 multos
1175 699 1391 764 veneficiorum

252 799 444 882 aliorumque
463 799 627 864 criminum
641 821 709 865 reos
725 801 833 886 capitis
849 799 1080 878 damnaverant,
1104 806 1306 885 praeceptum
1323 800 1392 864 sub-

248 903 382 985 jungens
406 921 442 963 ex
465 899 559 965 Tullii
581 900 620 964 ad
644 900 791 977 Quintum
814 902 936 964 fratrem
959 900 1090 986 epistola
1113 900 1252 986 petitum

294 999 408 1078 XXIX,
425 1004 454 1078 2,
483 1003 520 1066 12
543 1021 604 1064 non
632 1007 794 1086 reputante
889 1000 928 1064 ad
944 999 980 1078 Q,
997 1001 1033 1064 fr.
1049 1000 1074 1078 I,
1095 1005 1122 1079 l,
1141 1002 1190 1080 13,
1203 999 1392 1067 57...ira-

252 1100 313 1165 alta
340 1099 473 1165 nimium
509 1107 673 1185 potestate,
711 1101 792 1184 quod
847 1099 1005 1180 cundiam,
1029 1100 1111 1184 quod
1133 1099 1244 1164 vitium
1267 1099 1392 1164 cum’in

252 1207 334 1265 recte
359 1199 512 1265 institutis
540 1221 581 1263 ne
601 1223 671 1265 cum
693 1201 793 1266 inimi·
846 1202 904 1266 hac
934 1201 1089 1266 cotidiana
1119 1200 1182 1263 vita
1213 1199 1293 1264 levis
1325 1219 1391 1262 esse

252 1321 357 1364 corum
379 1299 503 1384 quidem
518 1288 731 1384 [incommodis
761 1300 794 1364 in
845 1302 941 1365 animi
972 1310 1064 1384 atque
1100 1300 1219 1364 infirmi
1257 1298 1390 1376 videtur,

252 1394 365 1461 delicta
387 1399 531 1463 convenit
551 1407 639 1464 ruere
654 1401 794 1466 volunta·
847 1410 914 1465 tum
929 1422 1001 1465 vero
1017 1401 1097 1466 nihil
1112 1406 1160 1464 est
1171 1411 1234 1464 tam
1248 1399 1390 1477 deforme,

251 1494 298 1558 ria
325 1496 464 1580 nihilque
492 1501 533 1564 sit
563 1508 627 1565 tam
656 1500 793 1565 deforme
850 1521 941 1585 quam
972 1501 1012 1564 ad
1041 1521 1196 1565 summum
1227 1500 1391 1584 imperium

252 1597 407 1678 quemad
430 1598 527 1662 ardua
548 1600 670 1684 imperii
692 1621 795 1686 super·
850 1600 944 1665 etiam
968 1600 1168 1664 acerbitatem
1191 1606 1319 1664 naturae
1342 1599 1393 1663 ad-

252 1695 324 1760 cilia
346 1697 439 1762 etiam
454 1700 649 1764 acerbitatem
664 1701 792 1765 naturae
845 1702 982 1784 jungere.
1008 1699 1179 1784 (Valesius)

252 1795 390 1881 adjungi,

339 1897 464 1963 Judices
488 1906 522 1964 ut
543 1921 658 1984 aequos
680 1908 711 1966 ct
739 1902 875 1984 integros
897 1922 931 1966 se
952 1904 1131 1986 praebeant,
1164 1899 1330 1984 praecipit,
1365 1905 1395 1962 et

251 1998 405 2082 praefecto
429 2001 519 2065 urbis
542 2009 730 2066 aeternae-
750 2012 786 2067 ut
808 2002 887 2066 solet
909 2001 1065 2088 appellare
1089 2001 1219 2064 Romam
1239 1998 1395 2082 —objicit

252 2099 397 2178 XXVIII,
423 2104 450 2178 1,
474 2103 516 2167 40
539 2101 636 2184 quod,
666 2124 735 2166 cum
762 2124 781 2166 a
802 2104 874 2186 jure
892 2102 1078 2186 justitiaque
1101 2100 1260 2165 discedens
1283 2099 1395 2164 multos

253 2197 429 2265 damnasset
455 2201 648 2282 innocentes,
682 2210 784 2267 tamen
808 2209 948 2266 exoratus
976 2200 1134 2266 interdum
1156 2200 1259 2266 noxiis
1282 2198 1394 2282 aliqui-

253 2301 311 2364 bus
334 2301 532 2385 pepercisset,
567 2303 667 2386 „quod
691 2323 784 2388 prope
816 2302 929 2366 vitium
960 2301 1081 2366 esseio
1104 2301 1162 2366 hoc
1191 2301 1256 2365 loco
1283 2299 1396 2382 legitur

251 2399 334 2484 apud
356 2399 508 2466 Tullium:
532 2423 606 2466 narn
630 2403 656 2466 si
679 2402 876 2489 inplacabilis
898 2401 1075 2467 iracundiae
1097 2408 1177 2479 sunt,
1201 2421 1322 2464 summa
1344 2406 1392 2463 est

251 2499 411 2581 acerbitas,
434 2501 484 2566 sin
506 2509 610 2567 autem
632 2500 810 2580 exorabilis,
834 2523 959 2567 summa
978 2503 1099 2582 levitas,
1121 2523 1198 2585 quae
1220 2509 1333 2581 tamen,
1358 2506 1394 2564 ut

252 2600 285 2664 in
308 2601 411 2682 malie,
434 2603 592 2668 acerbitati
607 2604 820 2690 anteponenda
836 2609 912 2671 est.“
938 2603 994 2688 (=
1009 2602 1047 2666 ad
1064 2602 1100 2678 Q.
1116 2603 1151 2668 fr.
1168 2602 1193 2682 I,
1213 2604 1241 2680 1,
1261 2603 1309 2678 13,
1327 2600 1391 2676 39.)

339 2702 439 2768 Probo
455 2703 605 2789 praefecto
620 2704 653 2767 in
666 2705 775 2770 ceteris
785 2704 940 2770 laudando
954 2703 1076 2769 crimini
1089 2703 1142 2766 dat
1153 2700 1283 2778 XXVII,
1299 2701 1349 2778 11,
1361 2701 1392 2778 4,

253 2802 335 2886 quod
368 2825 511 2888 perversa
543 2805 794 2870 animadverterit
825 2804 943 2869 ratione
979 2803 1011 2866 in
1046 2823 1152 2867 servos
1186 2809 1217 2864 11
1250 2800 1392 2864 clientes:

253 2923 432 2986 „nunquam
448 2957 454 2970 .
472 2961 477 2971 .
495 2957 503 2971 .
519 2905 624 2970 clienti
641 2904 692 2970 vel
708 2925 796 2970 servo
816 2925 903 2988 agere
920 2905 1088 2988 quicquam
1107 2905 1205 2987 jussit
1225 2900 1391 2978 inlicitum,

253 3004 308 3069 sed
326 3005 353 3069 si
380 3025 486 3069 eorum
513 3025 698 3088 quemquam
730 3005 842 3070 crimen
873 3004 972 3068 ullum
1005 3009 1187 3088 conpererat
1217 3000 1392 3071 admisisse,

252 3107 303 3174 vel
326 3109 397 3194 ipsa
417 3118 606 3195 repugnante
624 3109 757 3196 justitia,
780 3130 842 3174 non
859 3109 1016 3194 explorato
1032 3107 1155 3190 negotio
1171 3107 1236 3171 sine
1252 3113 1393 3190 respectu

252 3210 326 3275 boni
348 3210 532 3293 honestique
554 3210 746 3290 defendebat,
775 3210 856 3296 quod
878 3210 989 3274 vitium
1011 3208 1237 3294 reprehendens
1259 3207 1303 3270 ita
1325 3225 1393 3290 pre·

253 3310 377 3374 nuntiat
403 3310 516 3390 Cicero,
544 3310 618 3393 quid
648 3310 731 3374 enim
758 3311 889 3376 interest
910 3310 992 3374 inter
1015 3329 1172 3374 suasorem
1193 3306 1267 3372 facti
1282 3312 1312 3369 et
1326 3325 1394 3391 pro-

253 3410 411 3476 batorem?
442 3418 495 3476 aut
518 3410 594 3495 quid
625 3412 730 3493 refert,
764 3418 867 3476 utrum
895 3410 1046 3476 voluerim
1077 3409 1146 3473 fieri
1175 3428 1214 3472 an
1242 3409 1393 3490 gaudeam

253 3509 407 3577 factum?“
440 3512 498 3597 (=
513 3509 594 3578 Phil.
610 3512 651 3589 II,
670 3513 720 3592 12,
736 3514 799 3589 29.)
817 3591 819 3596 ,

340 3626 453 3691 Contra
468 3627 697 3691 Praetextatum
712 3627 900 3712 praefectum
915 3645 1037 3688 summa
1050 3622 1141 3689 laude
1157 3623 1243 3688 effert
1262 3621 1392 3698 XXVII,

254 3728 342 3805 1,10
364 3747 496 3810 eumque
518 3727 552 3791 in
575 3727 785 3792 examinandis
808 3726 914 3791 litibus
936 3725 970 3788 id
990 3725 1206 3810 impetravisse
1226 3723 1392 3808 praedicat,

254 3827 356 3910 „quod
378 3827 533 3892 laudando
548 3827 680 3893 Brutum
695 3827 818 3892 Tullius
834 3826 935 3904 refert,
958 3831 1002 3904 ut,
1025 3846 1094 3890 cum
1109 3823 1190 3889 nihil
1205 3823 1245 3888 ad
1260 3824 1391 3906 gratiam

252 3930 379 4008 faceret,
412 3927 513 3992 omnia
538 3935 641 3992 tamen
668 3935 753 4012 grata
783 3927 959 3991 viderentur
986 3948 1063 4006 esse,
1095 3946 1173 4009 quae
1195 3925 1387 3990 factitabat.“

253 4033 308 4110 (π
330 4049 372 4097 or.
398 4031 446 4113 10,
469 4029 537 4114 34.)
581 4027 775 4112 Quamquam
801 4034 903 4092 autem
925 4027 1109 4092 Ammianus
1132 4027 1236 4090 animo
1260 4022 1389 4104 benigno

254 4138 285 4197 et
307 4129 449 4194 clementi
471 4127 505 4192 in
526 4148 594 4193 reos
617 4129 838 4215 consulendum
861 4148 929 4193 esse
951 4136 1062 4204 censet,
1090 4124 1286 4192 clementiam
1309 4141 1392 4186 man-

254 4230 509 4313 suetudinemque
538 4250 599 4294 non
626 4229 766 4295 adhiberi
793 4229 864 4294 vult
890 4228 923 4292 in
950 4227 1125 4313 proditores
1154 4231 1183 4290 et
1212 4224 1391 4299 desertores

254 4352 382 4418 eamque
404 4333 444 4397 ob
467 4351 589 4396 caueam
612 4329 728 4406 XXIX,
745 4331 774 4407 5,
792 4332 834 4394 24
857 4327 1064 4394 Theodosium
1093 4324 1248 4411 praedicat
1274 4323 1392 4403 ducem,
