3162 5124
644 1231 645 1234 Ν
695 1186 993 1284 THESES.

313 1476 338 1542 I.
362 1476 398 1537 In
422 1483 594 1556 explicandis
616 1483 787 1542 Graecorum
810 1485 922 1555 fabulis,
945 1502 1017 1556 quae
1033 1486 1070 1543 ad
1084 1486 1247 1560 religionem
1261 1487 1413 1560 pertinent,

361 1561 424 1640 cum
438 1585 601 1660 Hartungio.
613 1590 744 1641 accurate
760 1585 950 1679 distinguendi
973 1591 1039 1641 sunt
1052 1583 1158 1664 μῦθοι
1171 1592 1200 1643 et
1219 1575 1299 1670 ἱεροὶ
1312 1576 1413 1668 λόγοι.

198 1773 200 1778 y
294 1703 336 1769 Π.
360 1711 489 1768 Tacitum
521 1729 588 1768 suae
620 1715 721 1769 aetatis
754 1715 914 1768 memoriam
950 1714 1126 1770 historiarum
1162 1714 1241 1771 libris
1277 1715 1413 1787 pluribus,

360 1830 450 1884 quam,
474 1815 549 1884 quod
570 1817 654 1888 vulgo
678 1815 805 1883 credunt,
827 1813 896 1869 XIV
919 1815 1074 1884 amplexum
1096 1832 1157 1871 esse
1180 1815 1310 1872 arbitror.

273 1932 333 1998 III.
362 1939 504 1996 Ciceronis
527 1942 563 1996 ad
585 1942 622 1998 M.
643 1941 759 2026 Brutum
783 1942 916 2010 epistolas
939 1941 1093 1996 subditivos
1117 1959 1178 1998 esse
1200 1961 1282 2015 nego.

276 2059 330 2125 IV.
362 2068 538 2123 Ammianum
565 2073 666 2136 totum,
698 2069 773 2140 quod
795 2069 961 2138 composuit,
993 2085 1063 2139 opus
1092 2069 1120 2122 in
1143 2069 1213 2124 duas
1236 2063 1411 2125 distribuisse

358 2174 453 2237 partes
485 2168 561 2238 dico,
595 2185 711 2239 quarum
740 2169 770 2224 in
793 2169 882 2224 altera
908 2169 1053 2225 historiam
1076 2187 1093 2224 a
1114 2169 1225 2226 Nervae
1251 2169 1411 2241 principatu

359 2269 395 2326 ad
417 2287 506 2340 usqne
524 2248 700 2324 Constantini
724 2262 821 2343 Magni
843 2274 961 2324 mortem
983 2271 1115 2340 narravit,
1137 2270 1166 2324 in
1190 2269 1279 2325 altera
1302 2263 1410 2339 „rerum

359 2375 502 2444 gestarum
527 2369 609 2426 libri“
637 2369 783 2440 inscripta,
813 2371 892 2440 eujus
921 2369 1013 2425 adhuc
1036 2376 1185 2440 supersunt
1214 2370 1280 2425 libri
1302 2369 1411 2441 XVIII,

358 2488 402 2527 res
426 2488 477 2525 sua
499 2475 592 2527 aetate
613 2476 709 2542 gestas
734 2469 891 2540 descripsit.

298 2591 335 2657 V.
359 2599 450 2657 Amm.
474 2598 551 2668 XIX,
575 2604 601 2665 1,
626 2601 644 2658 8
669 2615 710 2669 sq.
735 2598 806 2652 duos
829 2597 934 2652 codicis
954 2597 1086 2653 Vaticani
1107 2613 1203 2652 versus
1225 2601 1409 2670 transponen-

358 2701 409 2754 dos
434 2704 462 2753 et
484 2700 633 2772 legendnm
657 2717 719 2756 esse
742 2714 857 2756 censeo:
895 2699 990 2768 „cujus
1013 2714 1114 2754 occasu
1137 2698 1165 2752 in
1187 2697 1283 2770 fugam
1306 2689 1409 2769 dilapsi

358 2800 509 2871 populares
541 2801 601 2870 ejus
635 2816 731 2854 omnes
764 2815 896 2869 moxque,
933 2815 968 2852 ne
996 2804 1157 2869 raperetur,
1192 2801 1301 2854 ratione
1331 2795 1410 2868 justa

358 2900 479 2972 regressi
501 2912 662 2955 numerosas
684 2904 783 2972 gentes
810 2901 847 2953 nd
875 2916 952 2953 arma
980 2898 1146 2954 clamoribus
1176 2899 1296 2954 dissonis
1318 2897 1410 2954 conci·

354 3005 457 3068 terunt,
482 3017 600 3071 quarum
622 3016 760 3055 concursu
779 2999 834 3054 ritu
857 2999 1003 3071 grandinis
1024 2998 1090 3054 hinc
1112 2999 1178 3054 inde
1195 2999 1410 3054 convolantibus

355 3102 419 3156 telis
446 3107 526 3156 atrox
549 3099 727 3156 committitur
748 3116 858 3172 pugna,
881 3105 913 3154 ut
934 3100 1010 3170 apud
1026 3099 1138 3169 Trojam
1162 3099 1303 3170 quondam
1325 3116 1410 3170 super

355 3202 456 3257 comite
476 3200 606 3257 Thessali
629 3200 708 3255 ducis
729 3200 848 3256 exanimi
864 3202 938 3255 acies
953 3199 1044 3255 Marte
1060 3200 1194 3255 acerrimo
1212 3200 1408 3268 conflixerunt3

355 3308 383 3358 et
410 3305 475 3372 post
504 3301 678 3356 interneciva
705 3301 858 3355 certamina
891 3301 927 3354 ad
954 3317 1043 3370 usque
1073 3298 1157 3355 finem
1187 3299 1242 3356 diei
1269 3305 1408 3370 protenta,

358 3421 421 3459 eum
439 3404 498 3472 jam
520 3402 612 3456 noctis
635 3408 710 3456 esset
730 3401 854 3470 initium,
876 3419 927 3470 per
949 3417 1063 3456 acervos
1086 3417 1230 3456 caesorum
1253 3405 1282 3454 et
1304 3405 1409 3454 scatur-

355 3502 459 3575 rigines
482 3501 626 3574 sanguinis
649 3518 734 3574 aegre
757 3495 901 3557 defensum
918 3502 1038 3573 caligine
1060 3500 1239 3555 tenebrarum
1255 3499 1409 3556 extrahitur

357 3621 466 3674 corpus.
504 3603 567 3667 Quo
590 3602 689 3657 funere
711 3602 790 3676 regia
806 3606 913 3657 maesta
934 3609 962 3656 et
984 3600 1164 3671 optimatibus
1185 3599 1322 3655 universis
1345 3616 1408 3654 cum

352 3711 469 3774 parente
493 3702 586 3758 subita
610 3703 690 3758 clade
713 3701 849 3774 perculsis
872 3701 977 3758 indicto
997 3701 1106 3772 justitio
1125 3699 1237 3771 juvenis
1259 3699 1407 3756 nobilitate

352 3802 581 3860 commendabilis
603 3808 633 3858 et
654 3804 773 3859 dilectus
795 3803 851 3856 ritu
872 3802 993 3858 nationis
1015 3803 1146 3873 propriae
1169 3800 1329 3874 lugebatur.

677 4058 987 4068 .—
