3162 5124
736 341 756 402 3

270 529 398 614 Vergilii
420 529 478 593 loci
509 535 655 611 quattuor
685 535 758 592 suut
787 528 889 592 allati:
919 527 985 607 XV,
1016 530 1092 607 9,1.
1115 529 1199 608 XIX,
1233 532 1262 606 9,
1288 531 1317 594 7.

179 630 279 702 XVII.
302 633 332 706 4,
355 635 383 698 5,.
406 629 522 707 XXXI,
546 633 577 709 4,
600 631 630 708 6,
655 651 691 692 ex
716 629 830 712 quibus
852 629 968 714 priores
991 627 1069 693 tales
1085 635 1166 708 sunt,
1189 635 1225 693 ut
1244 630 1318 693 Am·

180 732 318 795 mianum
340 735 463 816 poetam
486 752 522 793 ex
545 730 692 794 memoria
706 729 849 793 laudasse
865 737 1021 814 appareat.
1055 728 1142 804 Quod
1158 749 1228 793 cum
1243 731 1318 794 satis

105 820 108 829 ’
182 831 322 896 ostendat
344 833 370 894 ei
395 830 567 912 Vergilium
589 850 650 894 666
673 831 864 913 incognitum
888 831 993 908 fuisse,
1025 829 1108 893 idem
1124 829 1217 894 etiam
1240 829 1320 892 affir-

180 940 282 995 matur
304 931 439 995 flosculis
462 952 522 994 non
545 931 660 1016 paucis,
686 930 800 1012 quibus
827 933 950 1014 podtam
972 936 1020 994 est
1042 929 1188 996 imitatus.

266 1045 312 1109 De
334 1044 464 1127 reliquis
488 1044 685 1129 scriptoribus
717 1043 822 1108 latinis
855 1043 1002 1108 Catonem
1032 1050 1093 1107 ter:
1123 1043 1207 1122 XIV,
1238 1046 1268 1122 6,
1300 1047 1319 1110 8

182 1144 249 1225 XV,
265 1146 315 1224 12,
326 1145 356 1208 4.
373 1145 457 1223 XVI,
475 1146 504 1222 5,
522 1145 550 1209 ‘A
567 1143 746 1207 Terentium
762 1141 845 1221 XIV,
863 1147 892 1220 6,
912 1147 960 1210 16.
976 1144 1122 1208 Ρ166166
1137 1143 1205 1223 XV,
1224 1141 1273 1222 13,
1290 1145 1319 1208 3.

183 1245 365 1310 Sallustium
382 1245 448 1323 XV,
476 1245 523 1320 12,
549 1245 578 1306 6.
596 1245 756 1307 Caesarem
771 1243 882 1323 XXIX,
907 1249 935 1320 2,
961 1244 1011 1310 18.
1030 1243 1185 1323 laudavit3
1209 1243 1321 1328 quibus

181 1345 256 1410 locis
279 1352 343 1409 tam
367 1344 481 1428 paucis,
506 1363 696 1427 quamquam
718 1344 857 1426 intellegi
879 1351 1021 1426 nequeat,
1046 1351 1196 1427 quantum
1211 1365 1322 1408 unum-

183 1466 336 1529 quemque
359 1445 544 1528 cognoverit,
569 1451 671 1508 tamon
694 1465 793 1508 sermo
808 1444 977 1524 Ammiani,
1000 1446 1054 1528 qui
1075 1445 1174 1509 colore
1190 1444 1321 1529 quodam

185 1545 381 1628 antiquitatis
404 1544 569 1630 adspersus
593 1551 640 1608 est
661 1545 764 1609 verbis
787 1545 891 1629 petitis
925 1547 964 1610 ab
987 1544 1106 1610 ultimis
1132 1546 1323 1630 temporibus

183 1649 309 1730 jamque
333 1644 528 1722 oblitteratis,
552 1651 588 1707 ut
603 1645 800 1728 conjiciamus
814 1656 872 1709 ¹nos
887 1645 1030 1731 impellit,
1055 1665 1124 1710 eum
1141 1645 1322 1710 delectatum

185 1767 252 1810 esse
283 1745 441 1810 nonnullis
473 1744 677 1830 scriptoribus
709 1746 848 1831 priorum
879 1751 1066 1832 temporum,
1096 1766 1226 1830 cumque
1257 1746 1324 1831 ipse

185 1847 290 1910 afferat
312 1845 476 1925 Plautum,
508 1844 695 1922 Terentium,
728 1846 885 1926 Catonem,
913 1846 1081 1911 verisimile
1104 1845 1224 1911 videtur
1255 1867 1325 1910 eum

186 1946 235 2009 his
259 1967 378 2029 quoque
402 1947 603 2031 scriptoribus
626 1946 762 2031 legendis
786 1968 908 2031 operam
931 1967 1070 2013 navasse.

273 2059 350 2124 666
374 2059 524 2124 Sallustio
548 2080 610 2123 non
632 2060 738 2145 paucis
761 2060 846 2138 locis,
870 2080 1001 2142 quorum
1021 2061 1191 2124 maximam
1206 2065 1324 2145 partem

187 2142 475 2250 Gafflrausenus*)
492 2161 631 2240 contulit,
655 2161 700 2225 ita
715 2162 863 2245 congruit,
886 2168 921 2224 ut
936 2160 1074 2225 dubitari
1089 2168 1229 2244 nequeat,
1252 2161 1325 2244 quin

187 2261 364 2345 diligentius
388 2283 458 2326 eum
482 2260 657 2347 perlegerit.
708 2261 869 2326 Caesarem
892 2269 995 2325 utrum
1018 2261 1207 2340 tractaverit,
1231 2282 1327 2325 necne

186 2363 218 2425 in
241 2362 342 2426 medio
365 2362 513 2445 relinquo.

273 2476 429 2539 Hactenus
452 2475 489 2537 de
513 2475 723 2560 scriptoribus,
747 2495 823 2558 quos
847 2475 1033 2539 Ammianus
1056 2476 1124 2561 ipse
1145 2475 1328 2540 nominatim

188 2575 299 2640 attulit.
366 2577 502 2652 Quorum
534 2574 660 2662 661166
692 2597 763 2640 666
795 2583 866 2660 post
895 2597 1010 2641 anuum
1040 2576 1327 2660 octingentesimum

188 2697 218 2760 p.
241 2696 274 2760 u,
302 2698 325 2741 c.
359 2675 475 2739 vixisse
505 2675 645 2760 6616666,
675 2676 833 2764 Ammiani
863 2675 894 2739 id
925 2676 1121 2761 potissimum
1152 2676 1330 2741 interfuisse

190 2775 321 2851 videtur,
336 2782 372 2839 ut
387 2775 499 2839 scirent
513 2775 652 2853 lectores,
669 2777 773 2860 ipsum
788 2776 984 2859 antiquitatis
1002 2777 1086 2840 haud
1102 2797 1169 2842 esse
1181 2778 1329 2859 ignarum.

190 2875 316 2941 Fallitur
341 2897 420 2954 vero,
451 2877 502 2960 qui
525 2882 615 2961 putat
636 2876 835 2940 Ammianum
857 2877 958 2941 nullos
986 2883 1105 2962 praeter
1135 2878 1192 2941 hos
1223 2897 1330 2961 cogno-

189 2977 273 3041 visse
296 2977 467 3063 scriptores.
504 2975 617 3041 Eorum
633 2977 724 3056 enim,
748 2997 826 3059 quos
842 2977 987 3062 inprimis
1004 2979 1051 3040 est
1073 2977 1222 3058 imitatuS,
1246 2998 1332 3063 prae-

190 3087 235 3140 ter
250 3077 426 3141 Ciceronem
442 3077 598 3141 neminem
613 3076 791 3162 appellavit.
830 3077 960 3142 Constat
970 3078 1173 3142 Ammianum
1191 3077 1331 3142 Tacitum

191 3198 253 3242 non
268 3177 367 3242 solum
382 3177 562 3260 cognovisse
575 3177 628 3241 sed
644 3177 736 3242 etiam
752 3177 791 3242 ad
806 3177 990 3242 imitandum
1007 3178 1066 3243 sibi
1082 3177 1332 3264 proposuisse**)

192 3300 248 3342 uec
262 3278 369 3364 paucis
385 3277 522 3361 ejusdem
536 3277 671 3342 flosculis
689 3278 857 3345 orationem
873 3299 963 3342 suum
987 3278 1172 3357 colorasse†;
1197 3284 1332 3342 attamen

192 3399 230 3440 ne
253 3399 314 3444 uno
338 3377 463 3461 quidem
487 3378 554 3443 loco
576 3377 675 3443 Taciti
698 3377 799 3443 reddit
820 3379 1017 3445 mentionem.

277 3490 417 3556 Eundem
447 3492 550 3556 studia
583 3491 746 3556 collocasse
775 3493 808 3555 16
840 3493 927 3558 Livio
956 3491 1083 3576 legendo
1105 3493 1334 3557 demonstratur

194 3590 298 3655 verbis
321 3591 430 3656 multis
453 3601 483 3656 et
505 3592 681 3674 sententiis
706 3613 782 3675 quas
805 3595 843 3657 ab
866 3592 918 3656 illo
942 3601 990 3656 est
1004 3599 1174 3657 mutuatus
1213 3593 1335 3658 Praeter

195 3691 252 3755 hos
268 3691 403 3755 Gellium
410 3694 463 3778 ††)
485 3713 606 3775 quoque
621 3694 654 3759 L.
671 3694 709 3758 A.
727 3693 882 3769 Senecam,
911 3693 1066 3756 Valerium
1081 3693 1249 3757 Maximum
1274 3701 1335 3756 stu-

98 3860 102 3868 ,
197 3790 282 3855 diosc
306 3793 451 3857 tractavit
473 3801 503 3856 et
525 3814 603 3875 quae
627 3813 730 3858 eorum
753 3792 883 3857 lectione
907 3791 1024 3871 didicit,
1057 3792 1140 3877 operi
1171 3814 1226 3857 suo
1256 3793 1336 3856 inse-

196 3891 268 3957 ruit.
283 3929 323 3938 -

281 4130 306 4197 *)
324 4130 497 4200 Gonjectanea
515 4131 667 4185 Ammianus
684 4132 764 4198 636.
930 4185 933 4190 ⁴

288 4213 326 4281 **)
346 4213 478 4267 Woellllin
497 4214 524 4267 in
542 4213 624 4281 Pauly
643 4214 673 4268 R.
685 4214 714 4267 E.
728 4229 748 4266 6.
761 4230 784 4266 v.
798 4211 957 4267 Ammianus.

283 4297 313 4362 †)
332 4297 464 4351 woennn
485 4298 512 4350 6
531 4296 655 4364 philologi
674 4295 724 4349 vor.
737 4295 830 4348 xxix
849 4313 872 4364 p.
887 4295 946 4350 666,

284 4380 329 4446 16
348 4381 445 4434 rauna
465 4377 498 4437 6.
513 4377 552 4436 ss
570 4397 595 4448 6.
609 4379 667 4436 ero.
