3162 5124
721 350 761 415 31

215 578 264 632 ox
274 577 328 628 or.
339 575 407 645 pro
417 557 528 644 Oppio
544 556 591 633 (B.
600 555 638 622 K.
654 556 715 621 vol.
814 553 937 639 XXX,
959 553 992 639 8,
1015 553 1034 619 1

172 665 226 730 XI.
248 687 278 750 p.
302 666 322 730 6
344 663 366 726 f.
391 663 434 746 5).

186 767 192 782 '
215 786 264 836 ox
287 785 340 836 or.
364 768 490 834 contra
513 767 715 835 contionem
813 761 921 848 XIX,
944 761 998 848 12,
1021 761 1074 834 18.

172 872 209 962 Q.
233 871 373 940 ilotolli
404 870 430 952 (?
445 871 487 938 ib.
504 892 534 957 p.
550 871 593 937 27
610 870 632 937 f.
650 871 705 954 11)

317 1011 350 1090 (l,
379 1011 491 1108 Libri,
521 1010 584 1111 qni
614 1011 660 1089 ad
687 1009 951 1111 philosophiam
979 1009 1178 1110 portinent.

257 1134 385 1198 Praeter
395 1132 499 1208 libros,
515 1131 567 1213 qui
578 1128 718 1215 inscripti
733 1135 821 1193 sunt:
839 1129 898 1210 „de
910 1130 995 1194 iato“
1008 1136 1038 1194 et
1050 1129 1228 1217 „paradoxa
1239 1130 1318 1195 Stoi-

173 1243 298 1303 corum“
322 1235 545 1316 et„Timaeus“
567 1254 684 1312 omnes,
708 1234 762 1316 qui
785 1240 959 1319 supersunt,
983 1233 1046 1298 iere
1069 1234 1176 1300 eadem
1199 1257 1271 1301 cura
1286 1243 1318 1301 et

173 1317 375 1449 diligentidrb
399 1338 563 1404 Ammiano
579 1338 704 1422 perlecti
720 1358 787 1403 osse
803 1337 956 1404 videntur.
1001 1337 1141 1404 Plurima
1154 1340 1316 1407 Ammiani

173 1445 340 1511 momoriae
362 1443 561 1507 inhaeserunt
583 1464 621 1506 ox
641 1442 674 1508 ll.
698 1441 736 1506 dc
759 1441 879 1520 officiis,
904 1440 1108 1522 deamicitia,
1132 1443 1318 1512 Tusculanis

175 1547 454 1634 disputationibus
487 1547 541 1612 sed
573 1554 689 1611 ceteros
720 1567 842 1630 quoque
865 1566 926 1610 non
949 1545 1015 1609 sine
1038 1544 1138 1612 fructu
1162 1551 1317 1618 tractavit.

174 1653 271 1718 Locos
281 1651 423 1716 laudavit
433 1649 696 1730 Academicorum,
713 1649 957 1736 disputationum
975 1648 1231 1731 Tusculanarum,
1249 1653 1318 1740 (aut

175 1756 213 1820 de
234 1755 348 1821 finibus
371 1755 418 1840 ll.)
442 1755 475 1821 ll.
499 1754 536 1819 de
557 1761 668 1819 natura
690 1755 827 1834 deorum,
850 1753 888 1817 de
911 1753 1117 1832 amicitiast,
1141 1756 1168 1820 si
1191 1758 1332 1842 quidem-

175 1868 254 1924 rocts
274 1860 492 1944 judicaverunt
524 1860 586 1923 vici
611 1858 706 1938 docti,
741 1857 773 1923 ll.
797 1858 835 1921 de
857 1857 1025 1943 republica.
1070 1858 1137 1925 Duo
1159 1860 1243 1926 enirn
1266 1884 1317 1927 ex-

174 1971 243 2029 tant
264 1963 323 2029 loci
340 1962 481 2028 Tulliani
507 1965 546 2027 ab
564 1963 730 2028 Ammiano
754 1962 819 2026 solo
842 1962 931 2027 nobis
948 1962 1073 2041 servati,
1097 1969 1227 2046 quorum
1242 1966 1319 2032 alter

176 2067 256 2133 libro
279 2068 317 2132 de
339 2067 495 2154 republica
517 2068 639 2151 quinto,
663 2066 740 2132 altar
762 2065 840 2132 libro
863 2067 980 2131 incerto
1003 2067 1198 2134 adscribitur.
1244 2071 1318 2136 Sen-

173 2172 286 2237 tentias
320 2171 469 2255 quasdam
502 2172 627 2236 nomine
658 2171 792 2236 auctoris
825 2192 887 2235 non
924 2171 1031 2237 addito
1069 2173 1243 2263 desumpsit
1278 2198 1317 2240 en

174 2276 438 2361 disputationibus
462 2275 665 2355 Tusculanis,
692 2275 727 2342 ΙΙ.
752 2275 789 2338 de
812 2275 939 2340 deorum
961 2283 1086 2355 natura,
1111 2278 1316 2360 deamicitia,

175 2379 212 2443 de
235 2379 370 2462 legibus,
402 2379 440 2443 de
468 2378 637 2464 republica.
683 2382 803 2458 Quanta
826 2379 945 2444 utilitas
968 2381 1000 2444 in
1023 2381 1181 2447 Ammiani
1204 2403 1316 2450 senno·

176 2501 246 2545 nem
268 2480 498 2561 redundaverit,
522 2483 677 2568 intelligas
699 2485 774 2547 hacc
798 2484 968 2548 conferens:

240 2636 434 2704 Academica
458 2640 656 2720 posteriora.
952 2640 1146 2708 Ammianus.

220 2740 379 2820 ruodo
396 2743 720 2828 corpusculorum,
817 2742 938 2822 XXVI,
976 2750 1001 2823 1,
1035 2751 1049 2810 l
1091 2798 1099 2813 .
1139 2801 1145 2814 .
1183 2768 1260 2831 quas
1291 2753 1318 2814 si

175 2843 220 2907 ita
254 2844 338 2908 enim
370 2845 549 2931 appellat
577 2854 722 2912 atomos
775 2848 881 2912 scitari
912 2847 1047 2913 voluerit
1078 2851 1242 2939 quispiam,
1274 2855 1319 2919 in-

176 2948 375 3012 concursione
407 2949 544 3018 fortuita.
591 2951 651 3016 vid.
684 2951 722 3015 de
775 2952 975 3016 dividuailla
996 2956 1220 3040 corpuscula
1242 2959 1319 3024 voli-

178 3053 220 3115 dn
243 3051 268 3134 l,
293 3055 322 3131 6,
350 3056 387 3120 17
412 3064 455 3139 (p.
480 3056 545 3140 32).
774 3057 872 3120 tantia
893 3079 948 3143 per
969 3057 1070 3137 inane,
1098 3066 1253 3140 atomos,
1282 3071 1319 3130 ut

773 3181 830 3225 nos
868 3149 1128 3247 appellamus,
1165 3171 1318 3232 numerari

278 3261 471 3329 Academica
493 3264 618 3346 priora.
774 3286 864 3349 posse
887 3266 1033 3352 sperabit.

221 3363 261 3442 Η,
279 3365 330 3444 20,
348 3368 389 3430 65
406 3373 461 3430 aut
481 3374 629 3431 certare
651 3389 720 3430 cum
817 3368 904 3448 XIV,
921 3373 951 3448 6,
968 3371 1009 3434 25
1025 3378 1079 3435 aut
1094 3376 1319 3457 pugnaciter

178 3463 248 3528 aliis
270 3471 510 3551 pugnaciter,
534 3478 589 3535 aut
613 3524 619 3538 .
645 3525 650 3538 .
774 3475 851 3538 aleis
874 3481 1029 3542 certant.

222 3567 275 3650 Il,
301 3567 356 3652 38,
382 3571 465 3645 119.
817 3577 976 3663 XXVII,
999 3579 1033 3664 4,
1057 3581 1090 3651 8.

221 3672 263 3750 ΙΙ,
301 3677 354 3751 41,
395 3678 454 3740 127
501 3687 536 3744 nt
578 3680 722 3765 exigua
816 3682 904 3761 XIV,
943 3685 974 3762 6,
1010 3687 1031 3750 8
1063 3685 1201 3769 exigua
1231 3691 1320 3754 haec

178 3784 213 3840 et
235 3776 412 3864 minuta’)
442 3783 721 3848 contemnimus
776 3793 1016 3872 spernentem
1039 3795 1077 3852 et
1099 3791 1260 3862 minima.

179 3880 393 3966 (Wagnerus).
438 3883 503 3948 vid.
535 3885 573 3950 de
603 3889 645 3950 lin
683 3889 722 3969 V,

177 3986 230 4064 26,
254 3986 294 4048 78
318 3996 359 4071 (p.
383 3987 449 4074 32).

221 4089 252 4154 ib
269 4090 414 4155 estenim
440 4093 653 4158 animorum
676 4096 721 4160 in·
819 4098 910 4181 XVI,
935 4103 968 4179 5,
1001 4105 1015 4166 1
1047 4101 1215 4190 (Julianus)
1238 4107 1320 4192 prin-

179 4173 400 4278 gerdorumquo
415 4198 556 4263 naturale
568 4199 723 4282 quoddam
776 4202 921 4287 cipalium
932 4225 1034 4270 rorum
1047 4207 1189 4272 notitiam
1206 4208 1319 4274 celsam

247 4372 271 4440 *)
283 4365 385 4426 'rectius
403 4390 461 4427 cum
480 4374 585 4444 optimis
603 4374 677 4429 codd.
696 4378 837 4432 scribemus
857 4381 962 4435 nlnims
980 4383 1046 4438 conl.
1066 4383 1097 4436 de
1116 4383 1158 4436 lin.
1177 4385 1208 4447 V.
1220 4386 1262 4452 26,
1277 4386 1318 4442 78.
